3925 5692
2050 405 2135 468 30

848 609 933 679 In
982 608 1422 679 Convivio
1483 629 2007 695 nonnunquam
2077 646 2142 654 —-
2226 612 2557 696 inprimis
2619 615 2692 679 in
2751 609 2894 680 fine
2953 611 3297 681 orationis
3353 610 3625 692 Aga-

643 718 890 788 thonis
961 736 1142 803 quae
1211 711 1595 783 dictionem
1686 714 2172 800 sophistarum
2265 717 2588 785 imitatur
2677 754 2760 763 —
2851 715 3246 803 frequentia
3333 722 3620 800 post-

641 825 1040 911 positorum
1117 819 1628 888 adiectivorum
1699 817 1940 888 studio
2010 817 2112 888 fit.
2205 816 2438 900 Quam
2499 821 2588 889 ab
2642 841 2935 889 causam
2981 820 3151 890 huic
3206 818 3416 889 libro
3525 823 3622 889 in

641 926 1115 1011 chronologia
1156 924 1361 997 locus
1406 921 1699 994 concedi
1744 945 1889 991 non
1935 929 2179 1011 potest
2224 946 2433 1010 quem
2480 928 2555 993 in
2603 925 2858 995 tabula
2904 947 3063 995 mea
3107 931 3318 994 tenet.

852 1030 970 1101 Ad
1038 1029 1505 1099 Lachetem
1583 1036 1795 1114 atque
1863 1027 2134 1115 Lysin
2208 1032 2387 1097 ratio
2448 1051 2605 1098 mea
2671 1051 2799 1118 pro
2870 1052 3093 1119 parvo
3154 1029 3618 1116 *complexu

647 1135 1096 1222 dialogorum
1143 1156 1271 1204 nec
1317 1155 1461 1203 non
1511 1155 1637 1221 pro
1686 1154 1909 1220 parvo
1957 1155 2254 1204 numero
2305 1133 2818 1204 adiectivorum
2867 1130 3012 1206 non
3060 1138 3387 1223 pertinet.

851 1238 1301 1310 Phaedrus
1349 1246 1611 1317 autem,
1658 1242 1781 1324 qui
1828 1257 1990 1307 cum
2019 1237 2491 1307 Phaedone
2534 1239 3115 1327 etRepublica
3161 1241 3625 1326 conspirat,

645 1350 857 1416 etiam
887 1345 1319 1414 aTheaeteti
1365 1366 1506 1413 usu
1552 1364 1700 1411 non
1745 1341 2053 1412 multum
2104 1343 2386 1424 recedit,
2434 1346 2537 1412 ita
2581 1351 2663 1412 ut
2691 1344 3214 1429 Dittenbergeri
3258 1351 3616 1412 senten-

647 1455 749 1521 tia
814 1454 1046 1537 magis
1118 1471 1333 1538 quam
1406 1447 1744 1517 Schanzii
1808 1449 2172 1535 probetur,
2263 1451 2386 1535 qui
2454 1447 2914 1518 Phaedonem
2999 1459 3067 1518 et
3137 1448 3610 1518 Phaedrum

643 1560 875 1645 priore
951 1562 1266 1642 tempore
1350 1552 1707 1622 confectos
1786 1574 1941 1620 esse
2026 1551 2224 1621 dixit.
2365 1553 2467 1622 De
2555 1555 3004 1639 singulorum
3076 1552 3606 1641 Reipublicae

643 1661 990 1731 librorum
1060 1666 1377 1746 tempore
1446 1679 1533 1725 ex
1605 1659 1918 1725 numeris
1997 1659 2173 1746 meis
2254 1657 2789 1727 conclusionem
2880 1659 3104 1728 facere
3194 1659 3603 1726 temerarii

645 1768 919 1852 ingenii
966 1771 1103 1834 est:
1186 1762 1592 1846 Gorgiam
1641 1768 1710 1829 et
1750 1760 2231 1849 Oratylum,
2282 1766 2403 1850 qui
2451 1762 2666 1833 valde
2713 1765 2898 1832 inter
2944 1786 3020 1833 se
3066 1765 3601 1838 consentiunt,

645 1873 969 1959 proxime
1016 1876 1180 1937 ante
1222 1865 1682 1935 Phaedonem
1731 1866 2091 1938 confectos
2141 1890 2319 1948 esse,
2366 1877 2435 1938 et
2480 1872 2657 1936 meis
2706 1890 2793 1937 ex
2840 1872 3155 1938 numeris
3204 1868 3439 1937 elucet
3507 1874 3608 1934 et

648 1999 690 2046 a
737 1975 1280 2058 Dittenbergero
1332 1980 1544 2058 atque
1590 1971 1917 2039 Arnimio
1971 1970 2532 2042 demonstratum
2583 1981 2708 2043 est.

858 2080 1093 2148 Etiam
1143 2076 1616 2146 Menonem
1666 2076 1801 2145 hoc
1862 2075 2021 2147 loco
2080 2081 2156 2145 in
2219 2076 2544 2148 tabulam
2604 2081 3003 2146 inseramus
3064 2076 3253 2158 licet,
3323 2099 3597 2164 neque

648 2182 1249 2271 Euthydemus
1296 2180 1605 2249 multum
1657 2180 1862 2248 abest
1893 2203 1934 2250 a
1968 2181 2486 2251 consuetudine
2519 2183 2778 2252 horum
2811 2186 3027 2252 trium
3070 2181 3585 2268 dialogorum,

650 2294 714 2360 si
759 2290 1150 2375 respexeris
1199 2288 1548 2355 minorem
1597 2306 1975 2354 numerum
2023 2285 2538 2357 adiectivorum
2586 2290 2662 2355 in
2712 2286 2949 2356 decem
2981 2290 3266 2373 paginis
3304 2285 3570 2355 Didot.

649 2402 1030 2464 extantem.
2285 2460 2288 2461 γ

859 2498 986 2585 Ap
1008 2495 1388 2578 ologiam
1479 2493 1786 2581 denique
1876 2502 2090 2581 atque
2159 2495 2720 2582 Protagoram
2817 2500 3110 2583 primos,
3200 2500 3262 2566 si
3354 2517 3576 2567 meos

652 2624 985 2672 numeros
1077 2603 1461 2687 sequimur,
1555 2602 1858 2687 scriptos
1951 2622 2107 2668 esse
2199 2600 2796 2670 contenderimus,
2940 2602 3023 2670 In
3115 2601 3573 2688 Protagorae

653 2704 1172 2779 consuetudine
1256 2707 1676 2773 immutatae
1758 2703 2092 2773 adiectivi
2167 2704 2661 2775 collocationis
2733 2705 2948 2775 velim
3018 2705 3569 2776 animadvertas

616 2803 954 2902 ‘parvum
1045 2831 1421 2878 numerum
1510 2831 1637 2896 pro
1731 2817 2017 2878 centum
2096 2818 2590 2897 computatum
2685 2833 2811 2898 pro
2904 2832 3166 2895 magno
3259 2832 3574 2879 numero

651 2916 1162 2987 adiectivorum
1208 2922 1737 3002 usurpatorum.

859 3020 967 3089 De
1014 3017 1562 3104 Euthyphrone,
1628 3017 1934 3099 Critone,
2002 3019 2404 3100 Charmide,
2467 3019 2894 3088 Parmenide
2950 3018 3055 3088 nil
3103 3019 3333 3089 habeo
3382 3024 3571 3088 certi

653 3124 845 3214 quod
892 3122 1180 3192 indiciis
1229 3124 1410 3191 satis
1457 3125 1665 3191 certis
1713 3122 2144 3193 confirmem.

859 3228 1118 3297 Nonne
1163 3229 1426 3296 mirum
1477 3235 1825 3313 quantum
1874 3237 2282 3313 congruunt
2327 3233 2541 3298 etiam
2589 3251 2787 3298 meae
2845 3215 3344 3297 conclusiones
3392 3249 3569 3296 cum

654 3332 1205 3416 Dittenbergeri,
1287 3332 1618 3411 Arnimii,
1711 3334 1974 3418 quibus
2067 3337 2280 3401 etiam
2359 3331 2719 3413 Schanzii,
2797 3332 3077 3412 Ritteri,
3156 3331 3573 3418 Campbelli

655 3443 1188 3521 ceterorumque
1234 3437 1310 3502 in
1357 3434 1494 3502 hac
1540 3457 1612 3503 re
1661 3457 1943 3522 operam
1980 3439 2405 3506 navantium
2441 3439 2979 3507 observationes
3014 3438 3568 3504 assentiuntur?

869 3541 1389 3609 Auctoritatem
1444 3548 1681 3609 autem
1728 3540 1984 3611 talium
2032 3536 2615 3625 argumentorum
2675 3562 2881 3627 spero
2940 3538 3191 3609 multis
3241 3542 3567 3627 quaesti-

658 3648 918 3718 onibus
982 3645 1190 3714 novis
1254 3651 1539 3712 auctum
1600 3646 1723 3723 iri;
1792 3644 2258 3714 fundamento
2329 3649 2518 3715 enim
2583 3644 2825 3714 valido
2875 3667 2955 3713 ac
3013 3642 3219 3712 firmo
3283 3652 3572 3713 utemur

656 3754 719 3821 si
751 3772 799 3819 u
819 3750 1120 3818 nivers
1142 3770 1183 3816 u
1204 3767 1238 3816 s
1273 3750 1637 3833 scriptoris
1665 3771 1845 3818 usus
1877 3749 2157 3819 dicendi
2188 3749 2478 3818 tandem
2514 3747 2903 3836 aliquando
2935 3747 3368 3835 explanatus
3405 3749 3567 3816 erit.

865 3850 1074 3934 Quod
1122 3849 1406 3938 quidem
1455 3872 1602 3922 non
1647 3856 1846 3939 prius
1893 3852 2020 3922 fiet
2067 3874 2279 3940 quam
2321 3857 2386 3922 si
2432 3863 2502 3922 et
2546 3854 3056 3922 thesaurum
3107 3853 3568 3921 verborum

656 3980 926 4028 novum
995 3956 1275 4026 lexicon
1343 3953 1795 4025 Platonicum
1870 3956 2062 4044 quod
2128 3978 2423 4025 omnes
2501 3956 3017 4027 vocabulorum
3098 3955 3297 4027 locos
3367 3976 3569 4025 com-

657 4060 1039 4150 prehendit
1104 4058 1594 4139 illustraverit,
1663 4068 1732 4129 et
1801 4059 2335 4146 disciplinas
2404 4065 3016 4153 grammaticas
3090 4061 3284 4141 (cum
3348 4081 3570 4128 usum

659 4166 1047 4236 formarum
1115 4162 1630 4234 vocabulorum
1698 4172 1854 4236 tum
1924 4167 2255 4249 syntaxis
2340 4164 2930 4245 consuetudines)
3009 4162 3572 4249 diligentissima

660 4269 1010 4339 sermonis
1058 4267 1283 4335 Attici
1329 4265 1783 4337 adumbratio
1831 4270 2286 4337 constituerit
2330 4275 2398 4336 et
2444 4288 2636 4337 nova
2681 4265 2840 4337 luce
2887 4266 3218 4336 affecerit.
