3925 5692
2137 434 2218 497 10

713 639 956 724 Atque
1021 658 1202 724 quae
1267 645 1587 705 auctores
1652 639 1987 722 syntaxis
2051 636 2319 704 latinae
2382 634 2615 713 (Stolz
2664 644 2734 704 et
2782 634 3114 706 Schmalz
3162 636 3317 706 loco
3368 640 3617 714 citato)
3674 678 3680 684 ·

716 741 935 810 verba
981 743 1380 827 composita
1428 740 1900 828 principalem
1936 739 2269 808 adiectivi
2307 739 2850 809 collocationem
2887 740 3327 809 illustrantia
3361 744 3613 808 citant:

713 848 1265 929 magnanimus,
1308 846 1735 927 qross-anatiq‘
1787 845 2061 914 similia
2109 848 2325 913 etiam
2380 843 2655 913 Graeca
2702 844 2953 930 lingua
3001 846 3321 914 exhibet:
3372 842 3622 928 μεγαλό-

712 957 901 1036 ψυχος
946 958 1071 1019 cet.
1153 951 1583 1018 Aretissima
1630 953 1816 1018 enim
1871 953 2279 1019 coniunctio
2329 951 2702 1018 amborum
2751 951 3127 1018 verborum
3180 957 3617 1019 transmuta-

712 1057 982 1124 tionem
1029 1052 1171 1122 loci
1217 1056 1534 1122 arcuisse
1579 1053 1879 1123 videtur.

923 1157 1028 1227 Ut
1049 1161 1123 1227 in
1148 1156 1400 1242 lingua
1431 1158 1837 1238 vernacula,
1880 1163 1987 1227 ita
2016 1163 2088 1227 in
2130 1158 2400 1227 Graeca
2431 1162 2757 1227 attributi
2791 1159 3165 1229 collocatio
3199 1156 3620 1245 principalis

716 1285 804 1332 ex
834 1261 1235 1334 collocandi
1270 1285 1406 1332 usu
1444 1262 1634 1350 apud
1669 1286 1928 1334 nomen
1964 1263 2265 1332 articulo
2300 1263 2695 1351 praeditum
2731 1263 3063 1333 concludi
3094 1271 3348 1350 potest.
3419 1262 3616 1329 Arti-

716 1367 960 1437 culum
990 1366 1359 1436 definitum
1393 1406 1469 1413 —
1501 1367 1691 1454 quod
1719 1371 1947 1437 nostri
1973 1367 2347 1455 appellant
2377 1406 2448 1414 -—
2477 1372 2782 1455 priorem
2809 1370 3383 1436 coniunctionem
3415 1369 3582 1434 attri
3610 1404 3616 1410 ·

721 1472 881 1541 buti
915 1494 1075 1541 cum
1125 1474 1414 1541 nomine
1464 1472 1893 1541 defendebat
1923 1494 1965 1540 a
1996 1476 2428 1541 mutatione:
2480 1473 2556 1540 In
2596 1475 3120 1542 constructione
3153 1471 3183 1534 ὁ
3216 1470 3442 1553 ἀγαθὸς
3475 1469 3621 1555 ἀνήρ

717 1576 1061 1647 articulus
1125 1575 1213 1645 ad
1271 1580 1847 1646 coniunctionem
1904 1575 2128 1660 ἀγαθὸς
2175 1575 2322 1661 ἀνήρ
2370 1580 2700 1659 accessit,
2765 1575 2795 1639 ὁ
2853 1575 2998 1662 ἀνὴρ
3056 1574 3281 1661 ἀγαθός
3344 1597 3623 1662 semper

714 1681 1202 1770 praedicativa
1249 1719 1329 1727 —-
1378 1691 1461 1750 ut
1504 1684 1607 1750 ita
1655 1681 1881 1750 dicam
1942 1721 2012 1726 --
2058 1686 2331 1751 ratione
2379 1681 2911 1770 explanandum
2963 1690 3086 1750 cst.
3178 1680 3255 1749 Si
3304 1684 3621 1750 numeris

718 1809 895 1856 usus
953 1789 1569 1857 constructionum
1617 1784 1647 1849 ὁ
1695 1784 1841 1872 ἀνὴρ
1890 1786 1920 1849 ὁ
1969 1785 2195 1870 ἀγαθός
2243 1796 2313 1856 et
2358 1785 2504 1873 ἀνὴρ
2552 1787 2582 1851 ὁ
2633 1786 2856 1871 ἀγαθός
2917 1789 3145 1871 magis
3210 1785 3619 1854 illustratus

720 1894 883 1968 erit,
987 1891 1163 1960 haec
1271 1892 1492 1960 verba
1592 1895 1977 1960 coniuncta
2079 1895 2491 1963 recentioris
2583 1896 2834 1961 aetatis
2929 1894 3275 1975 sermonis
3370 1890 3622 1957 Graeci

720 2016 875 2064 esse
925 1997 1313 2082 apparebit.

930 2098 1293 2187 Optimam
1360 2108 1596 2169 autem
1660 2100 2213 2187 explicationem
2275 2101 2606 2171 adiectivi
2662 2103 3050 2188 postpositi
3098 2100 3624 2186 praebebimus,

720 2208 784 2273 si
874 2207 1110 2292 ipsam
1199 2204 1684 2292 postponendi
1791 2227 2084 2275 causam
2188 2228 2272 2274 ex
2380 2205 2584 2275 libris
2677 2210 3095 2293 scriptorum
3192 2203 3623 2287 Graecorum

720 2308 1467 2381 demonstraverimus.
1583 2310 1684 2377 De
1745 2330 1888 2396 qua
1942 2332 2015 2378 re
2079 2315 2202 2399 qui
2261 2315 2497 2399 capita
2562 2314 2934 2398 sequentia
2990 2309 3231 2394 legent
3275 2306 3622 2376 iudicium

722 2414 983 2483 ferant!
1062 2412 1218 2482 Hoc
1247 2412 1403 2483 loco
1438 2420 1719 2482 tantum
1758 2418 2152 2496 statuerim,
2188 2437 2477 2484 causam
2513 2412 3209 2502 transponendorum
3246 2414 3622 2480 verborum

720 2526 802 2587 ut
861 2521 936 2586 in
1003 2521 1253 2586 ceteris
1313 2519 1643 2604 partibus
1707 2522 2123 2600 sententiae,
2192 2523 2295 2590 ita
2355 2523 2425 2588 in
2486 2520 2835 2589 adiectivo
2884 2519 3227 2587 attributo
3273 2520 3625 2585 rationem
3749 2515 3758 2523 ’

724 2622 1218 2809 ἀίεϊίῃςὲξηάἰ
1286 2622 1401 2692 vel
1485 2625 1682 2693 verbi
1772 2627 2038 2692 maiore
2106 2628 2180 2693 vi
2267 2622 2602 2694 efferendi
2671 2625 2892 2693 fuisse
2971 2624 3182 2703 (conf.
3256 2620 3622 2690 Rohdium

720 2748 786 2813 p.
837 2731 878 2794 2
925 2728 1046 2795 in.
1089 2780 1102 2794 .

1884 2962 2268 3086 Caput
2353 2966 2470 3061 11.

934 3129 1116 3198 Cum
1207 3133 1484 3197 numeri
1557 3133 1709 3199 iure
1789 3136 2106 3217 suspecti
2182 3132 2497 3202 habendi
2574 3136 2742 3211 sint,
2832 3134 2895 3200 si
2971 3153 3116 3202 non
3193 3129 3462 3199 similia
3538 3128 3627 3196 ad

726 3232 1370 3304 dinumerationem
1445 3233 1894 3316 adhibentur,
1973 3240 2282 3306 maxime
2349 3236 2421 3305 id
2494 3240 2833 3325 spectavi,
2912 3244 2991 3305 ut
3061 3236 3342 3306 diversa
3410 3255 3625 3321 quam

726 3337 1200 3406 subtilissime
1246 3358 1700 3408 secernerem.
1796 3340 1960 3409 Non
1996 3364 2366 3428 nunquam
2403 3347 2660 3422 evenit,
2709 3353 2789 3410 ut
2820 3342 3225 3428 exemplum
3264 3339 3624 3427 quoddam

728 3442 1010 3513 duabus
1057 3445 1459 3513 rationibus
1509 3446 1733 3531 accipi
1781 3452 2030 3531 posset
2081 3484 2149 3491 —-
2208 3469 2262 3514 e.
2311 3469 2377 3532 g.
2430 3446 2860 3515 adiectivum
2914 3446 3124 3514 modo
3177 3446 3629 3522 attributum,

727 3547 940 3616 modo
988 3546 1551 3634 praedicativum
1601 3548 2046 3619 indicaveris.
2162 3550 2263 3619 De
2317 3550 2497 3619 locis
2545 3550 2697 3620 Pol.
2748 3551 2853 3619 III
2900 3550 3090 3618 403d
3147 3549 3341 3636 ψυχὴν
3399 3548 3634 3632 ἀγαθὴν

724 3652 942 3730 ποιεῖν;
1005 3650 1156 3720 Pol.
1206 3652 1310 3721 III
1358 3651 1545 3721 403d
1608 3658 1774 3737 σῶμα
1820 3654 2101 3740 παρέχειν
2148 3652 2227 3725 ὡς
2273 3653 2392 3717 οἷον
2438 3678 2500 3717 τε
2547 3654 2838 3739 βέλτιστον
2887 3654 3239 3724 dubitatio
3289 3656 3632 3722 exsistere

726 3777 871 3824 non
917 3761 1190 3842 potest3
1238 3756 1362 3825 Sed
1410 3760 1480 3825 in
1532 3757 1721 3825 Prot.
1759 3759 1943 3828 324b
1994 3756 2092 3821 καὶ
2139 3758 2408 3842 τοιαύτην
2455 3758 2713 3822 διάνοιαν
2761 3759 2917 3846 ἔχων
2964 3762 3276 3823 διανοεῖται
3313 3759 3633 3842 παιδευτὴν

727 3858 873 3922 εἶναι
942 3856 1154 3944 ἀρετήν
1219 3869 1583 3929 vertamus
1653 3860 1848 3929 licet:
1922 3884 2007 3938 ,es
2070 3863 2222 3944 ydbe
2287 3864 2419 3926 eine
2482 3863 2757 3927 lein-bare
2808 3864 3077 3945 Τιιφεηιῑι
3151 3872 3277 3931 aut
3336 3862 3634 3931 melius:

732 3963 990 4045 Tuye‘nd
1030 3963 1121 4026 sei
1165 3963 1425 4028 lehrbar.
1523 3964 1634 4042 (cf.
1685 3965 1851 4049 Leg.
1907 3964 2006 4034 VI
2067 3973 2245 4034 744e
2306 3965 2516 4051 ἐγγύην
2562 3967 2627 4030 δὲ
2676 3967 2821 4030 εἶναι
2868 3967 3085 4054 κυρίαν,
3143 3968 3309 4052 Leg.
3360 3968 3393 4036 Ῑ
3442 3970 3634 4037 6311)

727 4069 905 4130 διπλᾶ
973 4062 1038 4130 δὲ
1110 4064 1313 4151 ἀγαθοί
1382 4071 1518 4146 ἐστι,
1593 4070 1664 4132 τοὶ
1741 4093 1844 4154 μεν
1876 4118 1889 4132 .
1920 4118 1934 4132 .
1967 4075 2012 4152 .)
2147 4070 2300 4139 Pol.
2369 4069 2469 4139 VI
2554 4077 2738 4138 509a
2823 4070 3129 4158 ἀμήχανον
3212 4070 3425 4143 κάλλος
3508 4079 3635 4140 cet.

730 4171 1225 4241 Exclusissem
1275 4172 1448 4241 talia
1496 4175 1826 4259 exempla
1873 4196 1958 4241 ex
2008 4174 2596 4251 dinumeratione.
2664 4178 2804 4243 nisi
2873 4176 3048 4243 mihi
3095 4172 3634 4262 proposuissem

735 4297 1071 4344 numeros
1140 4298 1351 4362 quam
1423 4281 1733 4346 maxime
1801 4278 2055 4365 plenos
2103 4280 2455 4365 praebere.
2554 4280 3120 4349 Discernendum
3186 4284 3402 4365 igitur
3460 4283 3641 4349 mihi

729 4401 885 4448 esse
949 4382 1203 4466 putavi
1264 4383 1688 4451 attributum
1738 4404 1778 4449 a
1824 4382 2233 4468 praedicato
2290 4382 2471 4451 illud
2521 4391 2979 4471 praeceptum
3032 4384 3271 4452 Akeni
3319 4383 3638 4462 (Griech.

732 4481 1061 4568 Schulgr.
1113 4484 1354 4553 Berlin
1411 4491 1574 4555 1868
1625 4485 2122 4571 (Borntrager)
2170 4508 2235 4572 p.
2294 4493 2415 4556 180
2462 4494 2497 4564 ἓ
2545 4493 2701 4559 320)
2763 4510 3100 4574 sequens:
3167 4487 3309 4551 Das
3354 4489 3644 4552 Act-rabat

729 4586 815 4650 ist
872 4588 973 4651 ein
1019 4587 1283 4670 Beyriffl
1346 4588 1454 4652 der
1511 4590 1626 4652 mit
1684 4590 1882 4653 cinem-
1939 4591 2180 4654 anderu
2239 4590 2425 4654 sehon
2486 4593 2615 4672 auf
2652 4591 2851 4655 Soloke
2911 4591 3113 4656 Weise
3155 4592 3454 4674 vereiniyt
3497 4596 3572 4657 is
3588 4600 3644 4670 t,

728 4690 845 4753 wie
898 4711 960 4753 es
1012 4691 1127 4754 das
1154 4691 1512 4756 Praedicat
1569 4693 1763 4757 durch
1823 4695 1945 4758 den
1998 4692 2149 4759 Sata
2210 4699 2333 4756 erst
2385 4695 2604 4758 wwdf‘
2692 4695 2804 4776 (cf.
2867 4696 2944 4763 F.
2995 4696 3214 4776 Kern,
3279 4694 3647 4767 Deutsche

733 4791 1101 4861 Satzlehre
1130 4794 1154 4829 ‘²
1200 4794 1384 4862 Berl.
1440 4802 1607 4865 1888
1655 4817 1720 4882 p.
1777 4803 1950 4873 166).

3422 4858 3461 4895 bl

3332 4930 3369 4957 eo
