3925 5692
553 1332 651 1444 In
711 1375 962 1460 lingua
1007 1385 1077 1444 et
1124 1373 1395 1444 Graeca
1457 1382 1529 1443 et
1572 1375 1836 1442 Latina
1892 1375 2273 1445 verborum
2320 1374 2865 1445 collocationem
2915 1397 3059 1444 non
3122 1378 3249 1444 iis-

343 1480 506 1550 dem
561 1478 843 1564 legibus
908 1486 1229 1548 sanctam
1291 1500 1446 1548 esse
1507 1481 1770 1567 quibus
1832 1482 1905 1547 in
1963 1501 2286 1549 sermone
2333 1480 2716 1550 vernaculo
2766 1484 2950 1550 inter
2997 1502 3244 1550 omnes

345 1592 645 1655 constat.

555 1688 737 1760 Cum
784 1692 861 1759 in
906 1688 1055 1759 illis
1102 1710 1386 1758 summa
1432 1688 1835 1761 collocandi
1880 1689 2176 1779 licentia
2208 1692 2404 1769 insit,
2453 1710 2636 1776 quae
2669 1692 2984 1760 sermoni
3020 1711 3251 1758 acrem
3318 1742 3323 1746 .

344 1793 650 1865 colorem
700 1793 977 1864 inducit
1020 1792 1556 1882 plurimumque
1608 1792 1697 1862 ad
1744 1796 2325 1882 perspicuitatem
2367 1798 2934 1882 gravitatemque
2969 1792 3251 1863 dicendi

341 1901 639 1970 verbum
689 1921 820 1968 suo
872 1898 1202 1987 quodque
1247 1898 1407 1969 loco
1454 1898 1815 1987 prolatum
1835 1897 2109 1977 valeat,
2159 1906 2411 1967 nostra
2449 1897 2704 1984 lingua
2736 1921 3246 1986 saepenumero

345 2004 808 2090 rigidioribus
856 2003 1321 2074 construendi
1364 2003 1652 2090 legibus
1702 2002 2154 2075 concluditur
2186 2011 2400 2090 atque
2434 2010 2716 2074 tantum
2751 2007 2826 2073 vi
2858 2013 2927 2074 et
2958 2007 3250 2082 ratione,

345 2131 488 2195 qua
532 2112 1041 2196 gravissimum
1092 2111 1486 2178 sententiae
1533 2109 1828 2178 verbum
1871 2111 2400 2195 pronuntiatur,
2450 2107 2830 2179 consilium
2885 2110 3250 2195 scriptoris

345 2222 429 2283 ut
472 2222 657 2284 recte
702 2213 1163 2300 intellegatur
1207 2216 1576 2301 permittit.

551 2317 752 2400 Quae
843 2317 929 2387 de
1018 2318 1399 2388 verborum
1491 2317 1959 2389 collocatione
2049 2322 2496 2403 grammatici
2585 2320 2815 2388 nostri
2907 2319 3248 2404 temporis

344 2423 930 2504 observaverunt,
997 2426 1308 2493 maxime
1371 2444 1453 2492 eo
1516 2425 1819 2494 consilio
1875 2422 2540 2510 promulgaverunt,
2612 2431 2692 2492 ut
2738 2426 2811 2491 in
2861 2419 3250 2491 exercendo

341 2529 684 2596 orationis
790 2549 1045 2614 genere
1154 2526 1536 2612 diligentes
1626 2527 1877 2598 fierent
1971 2535 2291 2597 veterum
2389 2536 2760 2597 auctorum
2850 2547 3250 2596 sermonem

342 2633 734 2710 imitantes,
780 2653 920 2719 qua
969 2630 1053 2701 de
1087 2652 1306 2700 causa
1337 2641 1715 2720 praecepta
1750 2636 2210 2720 potissimum
2249 2632 2339 2701 ad
2372 2633 2805 2707 latinitatem
2838 2634 3253 2719 respiciunt,

341 2755 504 2804 cum
556 2735 868 2805 Graecus
917 2737 1292 2806 verborum
1344 2735 1538 2816 ordo,
1601 2740 1771 2824 quia
1821 2737 2091 2807 Graeca
2137 2737 2388 2823 lingua
2436 2760 2478 2807 a
2520 2741 2785 2808 nostris
2834 2737 3252 2807 hominibus

339 2841 571 2908 doctis
636 2840 727 2909 ad
781 2840 1008 2911 libros
1071 2839 1554 2919 conficiendos
1619 2845 2119 2930 orationesque
2189 2842 2558 2915 habendas
2628 2864 2776 2912 non
2847 2840 3251 2918 adhibetur,

335 2942 541 3014 libris
614 2947 738 3029 qui
810 2966 1134 3014 sermone
1220 2944 1606 3016 vernaculo
1680 2945 2135 3026 ,Stilistiken‘
2214 2947 2693 3036 appellantur,
2777 2945 3249 3016 adumbratus

342 3068 488 3116 non
535 3052 649 3117 sit.

547 3151 818 3223 Tamen
908 3153 1127 3242 digna
1202 3155 1536 3226 habenda
1625 3165 1735 3226 est
1809 3159 2189 3227 verborum
2266 3156 2667 3236 collocatio,
2758 3159 2962 3227 cuius
3052 3153 3247 3238 leges

341 3260 873 3352 accuratissime
943 3270 1490 3347 perscrutemur,
1582 3283 1742 3330 cum
1821 3282 1967 3330 non
2039 3264 2277 3332 solum
2347 3262 2828 3333 subtilissima
2897 3256 3245 3347 quaedam

339 3383 508 3449 pars
535 3369 866 3449 syntaxis
894 3367 1272 3436 verborum
1309 3368 1407 3434 sit
1437 3374 1507 3435 et
1538 3365 1970 3450 elegantiam
1997 3367 2380 3454 perfectam
2409 3369 2758 3436 sermonis
2787 3365 3248 3442 demonstret,

339 3465 467 3535 sed
515 3471 727 3540 etiam
784 3473 1033 3540 ceteris
1100 3469 1504 3558 disciplinis
1569 3474 1743 3539 artis
1804 3470 2285 3558 philologicae
2348 3472 2626 3542 lucrum
2690 3470 2935 3540 afferre
2992 3469 3248 3556 possit,

340 3592 394 3639 e.
473 3593 539 3656 g.
622 3577 1170 3658 quaestionibus
1251 3575 1338 3645 de
1415 3578 1863 3660 ingenuitate
1954 3585 2080 3646 aut
2157 3576 2242 3645 de
2321 3576 2791 3661 chronologia
2851 3574 3250 3664 ⁸librorum;

335 3678 723 3749 verborum
772 3682 961 3749 enim
1006 3681 1479 3751 collocatione
1526 3685 1892 3770 scriptoris
1943 3680 2229 3752 dicendi
2272 3703 2501 3766 genus
2551 3688 2767 3768 atque
2815 3677 3007 3767 quod
3055 3681 3130 3746 in
3169 3697 3249 3745 eo

336 3785 680 3853 eximium
750 3792 860 3854 est
926 3785 1184 3856 melius
1245 3790 1747 3872 cognoscimus
1817 3808 2034 3874 quam
2097 3790 2477 3858 verborum
2547 3786 2891 3871 electione
2961 3784 3246 3852 ceteris-

337 3908 478 3974 que
551 3887 860 3970 indiciiS,
933 3895 1349 3978 praesertim
1426 3915 1590 3962 cum
1665 3892 1840 3961 haec
1918 3893 2323 3962 observatio
2402 3914 2445 3960 a
2512 3893 2726 3962 rebus
2799 3912 2842 3958 a
2909 3891 3250 3977 scriptore

334 3996 660 4062 tractatis
706 3997 1002 4064 minime
1045 3995 1370 4083 pendeat.
2758 4075 2762 4079 ,

543 4095 774 4180 Quam
844 4102 934 4170 ob
1006 4122 1152 4171 rem
1219 4101 1702 4188 postulamus,
1772 4107 1854 4171 ut
1912 4098 2304 4169 Schmalzii
2371 4106 2440 4168 et
2510 4096 2768 4166 Stolzii
2837 4096 3244 4165 adhortatio

334 4201 769 4282 (Lateinische
811 4203 1481 4286 Spnachwissenschaft
1526 4204 1631 4275 ed.
1680 4206 1767 4270 ΙΙ
1801 4228 1866 4292 p.
1917 4209 2047 4274 532
2094 4202 2369 4283 adnot.;
2416 4224 2626 4289 pagg.
2662 4202 2907 4287 555s60
2939 4203 3249 4279 brevem,

332 4304 465 4374 sed
492 4318 891 4378 memoratu
914 4307 1420 4394 dignissimum
1440 4319 1900 4398 conspectum
1926 4308 2197 4379 ordinis
2216 4310 2593 4379 verborum
2617 4306 3250 4395 comprehendunt)

341 4431 559 4497 quam
593 4410 945 4499 plurimos
980 4412 1069 4482 ad
1103 4435 1248 4483 rem
1285 4418 1686 4484 accuratius
1715 4412 2231 4502 explorandam
2266 4413 2539 4506 alliciat
2584 4435 2744 4482 cum
2779 4410 2870 4480 ad
2906 4412 3249 4480 Latinum

331 4537 549 4584 usum
611 4515 1188 4588 adumbrandum
1247 4525 1402 4589 tum
1464 4519 1554 4588 ad
1619 4519 1969 4589 Graecum
2032 4521 2155 4605 qui
2225 4517 2461 4587 adhuc
2531 4519 2728 4587 omni
2796 4516 2935 4584 fere
3008 4515 3248 4585 studio

328 4624 934 4706 investigatorum
981 4629 1189 4691 caret.
3183 4682 3186 4691 .

545 4723 1056 4806 Quaestionem
1117 4735 1357 4797 autem
1421 4726 1508 4797 de
1565 4729 1800 4797 verbis
1864 4728 2263 4796 sententiae
2323 4724 2823 4796 construendis
2888 4723 2979 4799 ad
3031 4723 3246 4793 finem

330 4828 717 4917 perducere
784 4829 1292 4902 difficillimum
1361 4840 1470 4901 est
1530 4835 1840 4902 maxime
1904 4830 2095 4919 quod
2143 4830 2540 4917 permultae
2589 4852 2670 4899 ac
2719 4830 3249 4901 diversissimae

334 4956 599 5009 causae
647 4956 779 5003 sua
826 4956 1148 5022 quaeque
1196 4940 1268 5005 vi
1319 4936 1409 5004 ad
1445 4936 1759 5006 ordinem
1807 4938 2183 5006 verborum
2228 4936 2486 5004 valent.
2537 4935 2641 5003 Ut
2664 4958 2916 5004 causas
2951 4941 3244 5017 minoris
