3925 5692
1793 399 1873 463 31

1372 817 1956 940 scriptoris
2031 822 2280 919 vita.

585 1053 860 1123 Paulus
908 1053 1325 1125 Theodorus
1383 1054 1649 1125 Trense
1718 1062 1932 1125 natus
1996 1080 2154 1127 sum
2224 1057 2509 1129 Suerini
2574 1060 3276 1148 Megapolitanorum

373 1214 434 1261 a.
487 1192 551 1261 d.
602 1174 731 1262 11'1.·
774 1192 956 1263 Non.
1007 1193 1177 1262 Jun.
1230 1197 1401 1263 anni
1458 1198 1765 1281 proximi
1823 1196 2094 1265 saeculi
2137 1197 2349 1266 LXX
2394 1207 2593 1284 patre
2641 1199 3006 1282 Eduardo,
3071 1224 3280 1290 quem

370 1341 601 1402 morte
669 1335 850 1403 mihi
919 1335 1289 1422 abreptum
1361 1334 1603 1427 lugeo,
1670 1344 1895 1405 matre
1970 1337 2161 1408 Dora
2228 1337 2314 1407 de
2381 1346 2594 1425 gente
2660 1339 2994 1418 Jenssen,
3062 1362 3279 1428 quam

368 1476 830 1559 superstitem
880 1495 1035 1542 esse
1082 1472 1291 1544 valde
1335 1475 1635 1561 gaudeo.
1698 1475 1946 1547 Fidem
1984 1476 2325 1549 confiteor
2359 1478 2866 1563 evangelicam.
2918 1478 3276 1551 Pueritiae

369 1620 677 1683 aetatem
751 1613 910 1698 degi
978 1612 1285 1693 Suerini,
1374 1613 1767 1695 Teterowii,
1858 1615 2262 1696 Rostochii,
2356 1639 2499 1704 qua
2567 1620 2643 1686 in
2711 1621 2885 1689 urbe
2947 1619 3273 1689 scholam

367 1731 816 1841 frequentavi
884 1758 1000 1824 cui
1069 1778 1329 1826 nomen
1400 1764 1512 1825 est
1576 1755 2220 1842 Realgymnasium
2295 1756 2382 1825 ad
2453 1759 2846 1830 secundum
2920 1760 3275 1843 ordinem;

365 1893 626 1964 deinde
683 1899 1040 1980 augustiis
1105 1896 1433 1968 fortunae
1503 1907 1791 1967 coactus
1860 1900 2162 1984 privatis
2234 1896 2495 1966 studiis
2566 1902 2939 1971 scientiam
3008 1922 3268 1988 augere

363 2044 668 2106 conatus
738 2057 898 2105 sum
972 2036 1160 2123 quod
1230 2040 1706 2125 praeceptoris
1776 2041 1929 2105 vice
1998 2036 2304 2122 fungens
2377 2059 2457 2107 eo
2530 2049 2886 2126 proventu
2963 2040 3116 2119 feci,
3194 2050 3274 2112 ut

364 2196 426 2243 a.
500 2175 635 2244 XO
708 2180 1145 2247 maturitatis
1238 2181 1732 2249 testimonium
1821 2182 2188 2266 gymnasii
2262 2178 2473 2248 realis
2551 2177 3269 2265 Ludwigslustensis,

362 2338 425 2384 a.
476 2314 712 2385 XCIV
772 2320 1138 2403 gymnasii
1210 2317 1752 2388 Gustroviensis
1823 2317 2307 2406 adipiscerem.
2440 2317 2622 2387 Vere
2692 2318 3009 2390 eiusdem
3099 2324 3273 2390 anni

360 2458 743 2529 Rostochii
788 2462 863 2527 in
930 2481 1305 2528 numerum
1373 2461 1635 2527 civium
1705 2456 2268 2527 academicorum
2333 2465 2659 2546 receptus
2730 2481 2912 2537 sum,
2984 2481 3122 2546 quo
3186 2482 3275 2529 ex

358 2604 685 2684 tempore
731 2596 994 2666 studiis
1043 2596 1508 2684 philologieis
1560 2617 1845 2681 operam
1894 2595 2093 2675 dedi;
2142 2603 2489 2666 autumno
2540 2602 2710 2667 anni
2755 2598 2997 2668 XCVI
3043 2598 3270 2669 Halos

359 2735 842 2817 Saxonorum,
930 2740 1069 2806 iam
1150 2759 1310 2806 vere
1385 2738 1695 2823 proximi
1770 2739 1942 2804 anni
2022 2736 2499 2821 Friburgiam,
2587 2740 2662 2806 in
2741 2739 2990 2807 urbem
3069 2738 3264 2808 Bris-

357 2880 640 2960 goviae,
731 2880 1238 2964 transmigravi
1327 2876 1517 2946 unde
1605 2897 1768 2945 vere
1861 2879 2035 2946 anni
2124 2899 2224 2964 pr.
2305 2899 2358 2946 s,
2431 2875 2704 2946 XCVII
2792 2877 3266 2949 Rostochium

357 3022 634 3090 reverti.
775 3017 1325 3103 Philologorum
1419 3018 1785 3086 seminarii
1874 3038 2001 3103 per
2090 3014 2446 3085 nonnulla
2535 3014 2909 3085 semestria
2995 3015 3268 3088 sodalis

358 3159 467 3228 fui
557 3156 935 3228 Rostochii
1029 3163 1100 3226 et
1188 3157 1623 3241 Friburgiae.
1750 3153 2053 3224 Scholas
2148 3161 2218 3223 et
2305 3158 2850 3224 exercitationes
2941 3155 3268 3243 frequen-

356 3301 512 3368 tavi
600 3300 913 3367 virorum
1008 3295 1618 3366 doctissimorum:
1786 3294 1906 3363 Fr.
2001 3292 2453 3382 Philippi,
2572 3294 2638 3363 J.
2734 3296 2832 3364 ab
2925 3295 3272 3375 Arnim,

362 3439 442 3507 Ε.
482 3437 803 3515 Bethe,
849 3435 932 3505 G.
968 3435 1093 3504 Κό
1117 3443 1277 3514 rte,
1325 3434 1412 3503 H.
1449 3434 1549 3503 de
1597 3432 1854 3503 Stein
1902 3431 1967 3517 †,
2015 3432 2097 3502 O.
2131 3433 2368 3502 Kern
2414 3439 2587 3503 tunc
2612 3432 3270 3512 Rostochiensium,

571 3574 1147 3652 PraetoriuS,
1303 3572 1998 3658 Dittenberger,
2149 3572 2462 3653 BlasS,
2613 3571 2986 3641 Bechtel
3097 3579 3271 3640 tunc

359 3714 811 3793 Halensium,

572 3853 650 3920 Β.
725 3849 1167 3929 Schmidt,
1235 3848 1563 3928 Hense,
1631 3848 1993 3929 Thumb,
2061 3851 2574 3930 FabriciuS,
2650 3847 3271 3927 Kalbfleisch,

362 3991 415 4061 S
437 4014 485 4061 u
504 4000 536 4061 t
550 3998 580 4059 t
596 4013 633 4059 e
651 4014 685 4060 r
729 3999 903 4060 tunc
948 3990 1588 4074 Friburgiensium.

573 4127 854 4211 Quibus
923 4131 1097 4198 viris
1177 4127 1613 4199 doctissimis
1692 4130 2079 4198 maximam
2156 4131 2457 4213 gratiam
2537 4127 2766 4197 habeo
2846 4146 3264 4213 semperque

360 4270 642 4339 habebo
690 4270 1042 4354 imprimis
1091 4268 1672 4354 praeceptoribus
1719 4267 2368 4337 Rostochiensibus
2419 4266 3067 4337 venerandissimis.
