3925 5692
2127 390 2167 454 8

905 589 1104 673 Quae
1139 595 1408 680 opinio,
1441 595 1504 662 si
1540 592 1762 663 verba
1793 593 2227 662 sententiam
2259 594 2569 662 auctoris
2593 592 2775 664 bene
2795 590 3124 674 reddunt,
3149 593 3238 666 ob
3264 613 3417 664 eam
3438 596 3597 680 qui-

707 695 865 765 dem
895 717 1039 765 rem
1066 695 1257 765 haud
1289 694 1849 774 commendatur,
1878 693 2066 782 quod
2096 693 2479 766 consilium
2501 695 2878 765 hominum
2904 696 3021 766 vel
3047 705 3267 767 artem
3292 696 3602 781 logicam

700 798 791 868 ad
859 799 1330 871 elocutionem
1395 802 1793 868 sententiae
1854 797 2042 883 quod
2113 802 2370 868 attinet
2432 797 2520 867 ad
2569 802 3173 871 constructionem
3222 801 3602 870 verborum

699 903 1051 975 efficacem
1124 926 1279 973 esse
1347 902 1803 992 praetendere
1873 901 2175 984 videtur,
2244 902 2318 972 id
2377 902 2570 991 quod
2632 905 2721 975 ab
2786 908 3144 973 sententia
3198 927 3343 974 non
3395 902 3603 972 valde

700 1008 1013 1078 alienum
1077 1017 1204 1088 est,
1266 1008 1589 1094 linguam
1641 1007 1803 1072 θέσει
1850 1010 2230 1077 exstitisse.
2326 1006 2531 1088 Quod
2592 1014 2831 1094 potest
2890 1007 3159 1078 factum
3206 1029 3360 1077 esse
3410 1005 3605 1095 apud

700 1134 820 1181 eos
869 1115 1268 1199 scriptorem
1331 1134 1632 1199 quorum
1697 1115 2070 1181 nimiam
2137 1112 2731 1191 observationem,
2794 1118 2875 1180 ut
2929 1115 3229 1181 nomina
3272 1114 3604 1199 apposito

701 1225 769 1285 et
835 1217 1382 1300 pronominibus
1457 1225 1696 1286 essent
1769 1220 2025 1303 priora,
2104 1214 2636 1297 Quinctilianus
2715 1224 3222 1286 commemorat
3291 1218 3603 1286 institut.

700 1321 882 1390 libro
930 1321 1058 1400 IX,
1107 1327 1170 1401 4,
1217 1326 1317 1390 24.
1401 1321 1537 1390 Sed
1590 1325 1800 1391 vivus
1853 1342 2107 1400 sermo,
2169 1334 2249 1390 ut
2294 1324 2396 1389 ita
2442 1318 2694 1398 dicam,
2755 1341 2842 1389 ex
2903 1321 3303 1390 rationibus
3348 1319 3607 1405 logicis

702 1430 992 1495 omnino
1040 1448 1184 1495 non
1232 1425 1512 1512 pendet.

912 1530 1284 1600 Retractat
1317 1530 1600 1617 quidem
1630 1528 2055 1615 Reckzeyus
2084 1529 2424 1615 Dionysii
2448 1533 2876 1599 sententiam
2904 1550 3125 1617 supra
3148 1532 3604 1598 recensitam:

711 1638 1043 1721 apposita
1113 1642 1511 1721 sequuntur
1580 1654 1901 1711 nomem¹
1951 1654 2117 1702 nam
2190 1654 2370 1720 quae
2440 1653 2656 1702 sensu
2728 1634 3028 1719 (logico)
3106 1637 3180 1703 in
3250 1637 3611 1702 sententia

707 1738 1140 1823 praevalent,
1203 1760 1285 1806 ea
1348 1742 1560 1808 etiam
1626 1737 1783 1807 loco
1846 1740 2084 1824 priora
2145 1746 2316 1806 sunt
2379 1736 2745 1806 sumenda.
2855 1738 3016 1807 Non
3078 1748 3319 1806 autem
3380 1736 3609 1813 video.

709 1863 832 1910 cur
881 1846 1291 1930 appositum
1340 1846 1651 1929 primum
1695 1841 1934 1912 locum
1984 1864 2131 1911 non
2180 1848 2433 1910 teneat.

914 1946 1119 2016 Alter
1165 1956 1430 2026 auctor,
1482 1947 1879 2015 Dietericus
1905 1945 2185 2027 Rohde‚
2235 1949 2339 2027 (in
2375 1966 2605 2032 progr.
2642 1945 3008 2016 dohannei
3039 1943 3344 2030 Hambg.
3387 1950 3608 2028 1884),

682 2062 1146 2138 'quamquam
1179 2059 1250 2120 et
1284 2055 1435 2138 ipse
1483 2050 1763 2119 diversa
1811 2053 2084 2119 ratione
2119 2072 2193 2118 se
2228 2049 2693 2137 principalem
2729 2049 2968 2119 locum
3020 2050 3349 2118 attributi
3394 2069 3440 2136 p
3465 2057 3610 2118 ost

709 2178 968 2225 nomen
1077 2158 1621 2228 substantivum
1733 2159 2095 2224 invenisse
2188 2154 2361 2224 dicit
2453 2162 2691 2223 tamen
2785 2153 3284 2223 observatione
3367 2173 3605 2221 exem-

707 2258 991 2346 plorum
1040 2270 1527 2331 commovetur
1585 2269 1665 2328 ut
1725 2266 2030 2328 statuat:
2098 2266 2277 2347 (pag.
2335 2264 2389 2338 1)
2451 2258 2597 2336 ,sed
2646 2257 2894 2328 multis
2942 2255 3237 2327 milibus
3285 2256 3604 2327 locorum

709 2362 1013 2443 ‚collatis
1078 2364 1161 2433 fit
1225 2388 1463 2434 verum
1533 2363 1724 2451 quod
1784 2368 1924 2433 iam
1984 2364 2256 2450 pridem
2321 2366 2790 2433 conieceram:
2857 2360 3047 2448 apud
3108 2360 3481 2430 Caesarem
3542 2368 3611 2429 et

708 2466 1141 2548 ,Ciceronem
1191 2470 1625 2539 adiectivum
1671 2468 2092 2556 plerumque
2124 2475 2332 2536 ante
2367 2470 2905 2538 substantivum
2942 2470 3262 2553 positum
3294 2469 3491 2534 θεεθ*
3531 2502 3605 2511 ·-

712 2571 841 2649 ,Ex
891 2595 1031 2661 quo
1096 2575 1538 2660 intellegitur
1603 2573 1996 2660 discrepare
2068 2575 2156 2644 ab
2224 2596 2360 2642 usu
2423 2577 2858 2659 optimorum
2923 2574 3351 2658 scriptorum
3418 2567 3608 2654 quod

706 2675 968 2750 ..adhuc
1014 2683 1482 2767 praecipiunt,
1529 2681 2071 2749 substantivum
2119 2676 2533 2764 praecedere
2580 2676 2848 2747 solere.‘

918 2780 1211 2851 Utinam
1248 2786 1320 2853 in
1356 2784 1490 2852 hac
1524 2784 1931 2867 cognitione
1980 2803 2441 2868 perseverans
2489 2804 2635 2852 rem
2684 2782 2774 2851 ad
2809 2781 3022 2851 finem
3071 2784 3462 2865 peregisset
3506 2780 3613 2846 vir

712 2885 1206 2956 doctissimus!
1305 2886 1442 2956 Sed
1507 2888 1782 2974 placuit
1843 2890 1904 2956 ei
1970 2909 2057 2956 ex
2117 2891 2386 2972 origine
2452 2886 2785 2956 adiectivi
2849 2889 3274 2957 coniecturis
3330 2893 3613 2955 tantum

711 2994 994 3075 cognita
1041 3014 1305 3062 novam
1353 2995 1782 3061 sententiam
1832 2991 2254 3062 concludere
2303 2994 2436 3061 hac
2483 2996 2799 3062 ratione:

918 3095 1395 3175 ‚Adiectivum
1460 3137 1525 3144 —-
1580 3101 1682 3166 ait
1727 3096 1771 3164 l.
1823 3118 1875 3164 c.
1931 3136 2007 3144 —-
2058 3096 2250 3184 quod
2299 3099 2563 3168 nostris
2613 3097 3057 3184 temporibus
3106 3096 3613 3166 attributivum

710 3212 1009 3279 ,vocant
1082 3201 1438 3287 quomodo
1513 3211 1743 3272 ortum
1816 3207 1928 3282 sit,
2009 3202 2251 3289 colligi
2327 3208 2567 3289 potest
2644 3223 2730 3271 ex
2806 3204 3344 3287 participio,
3423 3199 3614 3288 quod

712 3308 1191 3381 ‚coniunctum
1254 3316 1361 3375 est
1420 3329 1578 3376 cum
1640 3310 2119 3378 substantivo.
2215 3308 2539 3393 Namque
2601 3308 2765 3375 hoc
2826 3327 3105 3391 genus
3166 3305 3620 3374 adiectivi

713 3412 916 3486 ,sine
976 3409 1253 3480 dubio
1320 3433 1416 3479 ex
1478 3416 1952 3481 sententia
2010 3411 2553 3481 secundaria
2616 3409 3120 3497 explicandum
3186 3417 3315 3488 est,
3378 3414 3482 3479 ita
3542 3423 3620 3480 ut

713 3512 968 3591 ‚locum
1021 3515 1344 3584 obtineat
1390 3518 1881 3586 attributionis
1932 3516 2124 3604 quod
2172 3516 2656 3605 praedicatum
2693 3536 2941 3584 vocare
2990 3513 3325 3584 solemus.
3404 3513 3613 3596 Quod

712 3641 993 3697 ,nomen
1077 3625 1359 3713 proprie
1445 3643 1742 3708 vereque
1827 3621 2260 3691 adiectivum
2345 3622 2846 3691 attributivum
2919 3626 3238 3698 vocatur,
3327 3640 3620 3688 nonne

712 3721 1037 3801 ‚eodem
1096 3723 1348 3795 modo
1412 3733 1693 3796 ortum
1764 3735 1931 3806 est,
2000 3740 2077 3796 ut
2123 3726 2430 3813 exempli
2478 3747 2693 3795 causa
2742 3724 2921 3794 duas
2968 3724 3135 3793 illas
3183 3726 3612 3792 sententias:

718 3824 898 3904 „Odi
956 3826 1235 3913 volguS‚
1300 3829 1490 3916 quod
1550 3831 1929 3917 profanum
1996 3838 2140 3900 est“
2197 3837 2758 3911 ‚contractas
2808 3832 3016 3917 quasi
3063 3849 3219 3896 esse
3264 3830 3339 3897 in
3391 3849 3617 3898 unum

713 3929 946 4009 ‚illud:
1005 3931 1183 4013 „Odi
1232 3933 1490 4019 volgus
1539 3936 1984 4023 profanum“,
2032 3960 2117 4006 ex
2169 3958 2306 4023 quo
2356 3938 2625 4005 factum
2675 3957 2830 4005 esse
2880 3932 3185 4003 ordine
3233 3935 3620 4002 inverso:

718 4034 897 4114 „Odi
944 4037 1323 4122 profanum
1372 4037 1758 4125 volgus“?‘

922 4140 1192 4210 Multas
1242 4164 1404 4227 ergo
1440 4148 1878 4215 coniecturas
1912 4146 2181 4216 Rohdii
2215 4149 2736 4231 argumentatio
2780 4143 3279 4232 complectitur
3316 4165 3621 4231 quarum

713 4243 916 4314 nulla
978 4245 1213 4314 adhuc
1276 4252 1479 4317 certis
1529 4249 1977 4320 documentis
2029 4250 2516 4321 demonstrata
2569 4261 2693 4321 est.
2782 4249 3109 4320 Concedo
3158 4251 3618 4336 participium

710 4369 939 4433 genus
989 4349 1322 4420 adiectivi
1365 4376 1553 4435 esse;
1601 4355 1725 4424 sed
1761 4356 1830 4426 id
1873 4362 1947 4427 in
1982 4360 2358 4428 verborum
2392 4362 2920 4429 constructione
2958 4358 3291 4427 adiectivi
3325 4353 3621 4424 modum

714 4457 916 4537 sequi
1025 4454 1217 4523 haud
1312 4460 1830 4541 contenderim;
1937 4485 2118 4548 nego
2213 4467 2422 4533 etiam
2537 4466 2993 4550 participium
3087 4485 3173 4532 ex
3264 4464 3625 4530 sententia

715 4557 1138 4628 secundaria
1229 4564 1570 4653 explicari
1661 4589 1893 4654 posse.
2035 4568 2493 4640 Adiectivum
2609 4570 3033 4638 attributum
3138 4569 3625 4637 contractione

717 4661 1017 4733 duarum
1079 4673 1592 4740 sententiarum
1662 4681 1894 4742 ortum
1960 4695 2115 4742 esse
2182 4697 2541 4762 nusquam
2614 4678 3102 4744 concesserim.
3220 4673 3362 4741 Cur
3435 4674 3624 4741 enim

700 4768 859 4844 'non
907 4774 1182 4862 reliqua
1229 4777 1575 4845 attributa
1624 4780 2031 4862 (genetivus
2082 4782 2249 4862 cet.)
2299 4779 2522 4850 simili
2570 4779 2779 4849 modo
2830 4789 2984 4849 orta
3030 4802 3185 4848 esse
3231 4783 3627 4867 putamus?

718 4879 1040 4967 Denique
1118 4884 1458 4981 rationem
1534 4903 1679 4968 qua
1741 4881 2073 4952 Rohdius
2146 4884 2628 4972 explicaverit,
2697 4906 2842 4972 qua
2910 4905 3127 4954 causa
3181 4893 3388 4953 vetus
3450 4884 3624 4955 ordo

720 4994 1041 5054 mutatus
1093 4990 1208 5067 sit,
1257 4988 1551 5071 probare
1602 5009 1747 5057 non
1795 5008 2113 5073 possum.
