3925 5692
500 1329 640 1400 58.

2119 397 2204 463 28

705 600 954 685 paucis
1024 595 1203 668 locis
1273 595 1638 666 conclusio
1708 598 1861 672 fieri
1924 624 2072 673 non
2140 600 2376 689 possit
2445 601 2656 668 etiam
2727 606 3118 670 ceterorum
3188 604 3636 687 scriptorum

708 698 1150 770 consuetudo
1198 701 1274 768 in
1322 698 1692 771 adiectivis
1740 704 2181 776 collocandis
2228 722 2520 790 prorsus
2568 703 3051 773 examinanda
3098 713 3227 773 cst.

915 802 1219 892 Quoquo
1267 803 1480 875 modo
1527 827 1639 875 res
1686 829 1763 877 se
1808 808 2049 891 habet,
2110 804 2530 878 huiusmodi
2578 805 3091 877 adiectivorum
3138 806 3632 879 collocatione

707 911 861 979 sinc
908 909 1127 979 dubio
1175 911 1356 978 ratio
1406 908 1713 996 quadam
1760 914 2111 983 rhetorica
2155 914 2464 983 auctoris
2512 914 2962 998 perspicitur,
3013 911 3203 1000 quod
3252 912 3633 980 consentit

707 1035 868 1084 cum
915 1035 1075 1083 mea
1120 1017 1495 1095 sententia,
1558 1037 1594 1084 e
1643 1037 1783 1103 qua
1828 1021 2432 1106 postpositionem
2496 1014 2833 1086 adiectivi
2896 1018 3226 1087 attributi
3303 1018 3634 1085 maxime

708 1127 856 1190 arte
925 1118 1234 1206 quadam
1311 1119 1663 1190 rhetorica
1742 1120 1926 1191 effici
1997 1121 2502 1194 contenderim.
2633 1122 3000 1191 Hactenus
3084 1120 3170 1190 de
3241 1119 3635 1190 adiectivis

706 1225 1152 1312 postpositis.

915 1328 1027 1396 Ea
1095 1334 1333 1399 autem
1403 1328 1754 1400 adiectiva
1828 1352 2010 1418 quae
2077 1330 2496 1419 plerumque
2563 1331 2800 1400 locum
2874 1336 3040 1398 ante
3105 1349 3371 1398 nomen
3432 1325 3629 1395 sub-

707 1435 1105 1502 stantivum
1151 1437 1459 1503 retinent
1520 1458 1665 1504 non
1727 1435 1962 1505 solum
2028 1436 2220 1524 apud
2271 1434 2651 1505 Platonem
2710 1435 2836 1506 sed
2905 1437 3119 1503 etiam
3166 1436 3239 1501 in
3289 1450 3635 1500 sermone

708 1536 1064 1607 cotidiano
1111 1542 1642 1625 saepissime
1692 1550 2145 1627 usurpantur.
2231 1540 2440 1622 Quod
2488 1543 2816 1627 inprimis
2865 1536 3310 1608 referendum
3364 1543 3477 1605 est
3521 1533 3631 1602 ad

706 1642 882 1711 haec
927 1643 1307 1712 adiectiva:
1356 1643 1614 1730 αἰσχρός,
1676 1643 1993 1731 ἀλλότριος,
2057 1645 2380 1732 ἀμήχανος,
2445 1645 2783 1730 ἀναγκαῖος,
2853 1643 3232 1730 ἀνθρωπεῖος,
3302 1638 3442 1706 ἄπο
3461 1666 3538 1727 ρο
3563 1666 3635 1714 ς,

705 1745 1018 1832 βασιλικός,
1085 1748 1393 1834 βέλτιστος,
1455 1746 1659 1834 βίαιος,
1727 1749 2021 1835 δαιμόνιος
2081 1751 2281 1827 δεινός,
2344 1749 2627 1835 δεύτερος,
2688 1750 2982 1835 δημόσιος,
3043 1746 3280 1823 δίκαιος,
3342 1745 3633 1822 ἐλάττων,

711 1851 1038 1937 ἐλεύθερος,
1087 1851 1354 1929 ἐνάντιος,
1400 1849 1631 1939 ἥμερος,
1678 1852 1837 1938 ἡδύς,
1884 1853 2108 1940 ἥμισυς,
2160 1853 2509 1940 θαυμαστός,
2561 1857 2800 1930 θεῖος,
2849 1851 3073 1937 θνητός,
3124 1851 3293 1938 ἱερός,
3354 1850 3631 1925 κακός,

711 1954 891 2032 κενός,
961 1955 1366 2043 μακάριος,
1437 1957 1750 2044 μακρός,
1821 1957 2102 2043 μαλακός,
2163 1959 2484 2044 μαλθακός,
2550 1959 2812 2044 μέγας,
2877 1956 3184 2043 μείζων,
3233 1957 3631 2042 μέγιστος,

713 2059 928 2146 μικρός,
982 2061 1123 2138 νέος,
1172 2061 1395 2138 ξανθός,
1443 2062 1673 2140 ξενικάς,
1722 2062 2020 2148 ὀλίγος,
2067 2064 2334 2141 παλαιός,
2380 2064 2633 2150 πάτριος,
2680 2064 2951 2137 πιθανός,
2999 2061 3293 2149 πικρός,
3353 2058 3627 2133 πολύς,

714 2163 1021 2242 πλείων,
1089 2168 1469 2243 πλεῖστος,
1546 2167 1878 2252 πολεμικός,
1942 2167 2207 2255 πονηρός,
2278 2170 2542 2256 πρεσβύς,
2612 2169 2839 2245 πυκνός,
2903 2173 3188 2254 σιδηροῦς,
3258 2163 3621 2251 σμικρός,

715 2268 941 2357 συχνός,
989 2269 1259 2356 σώφρων,
1317 2271 1601 2357 τέταρτος,
1661 2271 1844 2358 τίμιος
1899 2272 2099 2360 τρίτος,
2160 2275 2393 2361 τριττός,
2454 2274 2800 2361 τυραννικός,
2851 2273 3030 2359 ὑγιής,
3080 2270 3330 2358 ὕστερος,
3377 2269 3614 2359 χείρων,

710 2380 976 2461 χρυσοῦς.

921 2479 1241 2561 Quorum
1307 2485 1383 2551 in
1452 2506 1746 2555 numero
1811 2506 1973 2553 cum
2032 2488 2243 2554 etiam
2289 2489 2756 2573 comparativi
2803 2493 2874 2554 et
2919 2484 3366 2571 superlativi.
3433 2499 3616 2567 quos

711 2588 1093 2671 separatim
1140 2588 1214 2655 in
1262 2597 1647 2675 conspectu
1697 2593 1929 2676 posui,
1998 2592 2459 2665 inveniantur
2504 2590 2813 2676 βέλτιστος,
2871 2588 3102 2675 μείζων,
3152 2587 3417 2673 μέγιστος
3464 2592 3619 2663 etc..

711 2690 1141 2776 perlustravi
1211 2713 1493 2780 quoque
1569 2694 1885 2781 reliquos
1959 2717 2139 2782 quos
2210 2699 2282 2764 in
2356 2704 2742 2782 conspectu
2822 2716 2970 2764 una
3046 2715 3208 2762 cum
3285 2692 3620 2778 positivis

715 2797 873 2880 (qui
919 2793 1251 2864 dicuntur
1292 2798 1558 2882 gradus
1609 2799 1969 2884 adiectivi)
2020 2800 2485 2869 dinumeravi.
2580 2799 2730 2869 Has
2787 2799 3133 2869 formulas
3185 2797 3614 2866 elocutionis

713 2919 857 2966 non
925 2921 1136 2986 saepe
1203 2916 1370 2989 post
1435 2906 1972 2974 substantivum
2042 2908 2348 2974 inveniri
2417 2928 2453 2974 e
2515 2911 2896 2991 conspectu
2967 2906 3214 2973 elucet.
3326 2901 3611 2969 Praeter

720 3010 843 3073 106
889 3012 1412 3092 comparativos
1465 3014 1908 3096 antepositos
1958 3014 2329 3080 numeravi
2390 3014 2495 3090 (in
2547 3012 2883 3080 omnibus
2946 3007 3252 3092 dialogis
3301 3007 3616 3093 exceptis

712 3109 1055 3194 LegibuS‚
1099 3110 1410 3193 Timaeo,
1458 3114 1709 3199 Critia)
1765 3121 1844 3184 19
1889 3120 2366 3203 postpositos:
2430 3123 2708 3202 praeter
2753 3121 2838 3185 94
2887 3113 3370 3201 superlativos
3421 3122 3613 3180 ante-

714 3217 992 3301 positos
1040 3224 1321 3286 tantum
1375 3224 1453 3287 18
1498 3223 1960 3308 postpositos,
2056 3220 2217 3302 Qua
2278 3242 2365 3288 ex
2415 3243 2487 3289 re
2535 3220 3031 3297 concluserim,
3100 3220 3624 3303 comparativos

717 3327 929 3405 atque
972 3321 1472 3408 superlatiVOS‚
1519 3328 1857 3411 quoniam
1892 3331 2161 3394 maiore
2195 3329 2267 3394 vi
2300 3325 2899 3410 significationem
2939 3323 3272 3392 adiectivi
3309 3321 3625 3399 efferant,

714 3446 861 3494 non
907 3425 1271 3513 postulare
1321 3436 1543 3498 artem
1592 3429 2090 3501 collocationis
2137 3431 2547 3499 rhetoricae.

1873 3770 2259 3892 Caput
2346 3772 2464 3868 V.

927 3953 1487 4036 Quaestionibus
1557 3956 1643 4025 de
1713 3956 2222 4025 adiectivorum
2295 3954 2763 4026 collocatione
2836 3951 3199 4023 adfinem
3262 3950 3622 4039 perductis

719 4062 860 4129 iam
908 4068 1107 4146 patet
1151 4064 1270 4130 via
1315 4060 1406 4130 ad
1453 4065 1761 4130 maiora:
1811 4059 2186 4130 videamus
2235 4081 2415 4147 quae
2463 4083 2549 4128 ex
2594 4060 2710 4128 his
2760 4061 2973 4129 rebus
3019 4060 3501 4143 grammaticis
3538 4056 3622 4124 de

716 4163 1047 4235 Platonis
1095 4165 1544 4251 dialogorum
1593 4175 1909 4254 tempore
1957 4175 2026 4235 et
2077 4165 2321 4235 ordine
2367 4164 2789 4235 concludere
2830 4166 3214 4251 possimus.
3293 4162 3617 4230 Primum

721 4277 960 4339 autem
1016 4293 1651 4341 commemoremus
1715 4281 2037 4341 auctores
2104 4279 2391 4340 nostrae
2464 4273 2718 4338 aetatis
2789 4271 2912 4355 qui
2979 4266 3224 4337 eadem
3295 4269 3415 4335 via
3484 4269 3623 4334 iam

720 4380 1078 4461 progressi
1124 4388 1312 4445 sunt.
1386 4375 1703 4457 Quorum
1755 4400 1841 4445 ex
1888 4397 2182 4444 numero
2219 4379 2495 4462 primus
2547 4373 3031 4445 nominandus
3074 4379 3185 4440 est
3210 4370 3624 4440 Ludovicus

722 4480 1212 4567 Gampbellus‚
1262 4485 1383 4569 qui
1431 4485 1577 4549 iam
1629 4503 1817 4551 anno
1865 4483 2177 4569 proximi
2222 4479 2491 4548 saeculi
2518 4478 3246 4564 undeseptuagesimo
3274 4478 3621 4546 rationem

724 4583 1036 4667 docuit¹)
1107 4587 1594 4671 investigandi
1659 4587 2109 4670 dialogorum
2160 4584 2428 4653 ordinis
2478 4605 2565 4653 ex
2612 4603 2936 4652 sermone
2985 4580 3333 4649 Platonis.
3428 4578 3623 4647 Idem

723 4689 1099 4759 Platonem
1170 4694 1245 4760 in
1314 4693 1598 4778 scriptis
1668 4713 1827 4759 cum
1895 4690 2191 4771 mediae,
2259 4699 2415 4758 tum
2482 4697 2882 4775 postremae
2941 4688 3192 4753 aetatis
3265 4692 3335 4753 et
3380 4683 3628 4752 multis

936 4916 976 4985 ¹)
1015 4915 1143 4975 The
1168 4914 1478 4986 Sophistes
1513 4916 1631 4973 and
1656 4914 1949 4974 Politicus
1985 4914 2049 4973 of
2079 4914 2268 4980 Plato,
2309 4913 2460 4972 with
2496 4931 2532 4971 a
2566 4911 2804 4971 revised
2839 4914 2972 4970 text
3006 4909 3122 4967 and
3164 4896 3419 4977 English
3457 4912 3627 4965 notes

727 5002 956 5063 Oxford
996 5009 1146 5063 1867.
1220 5002 1447 5062 Introd.
