3925 5692
2133 328 2214 393 12

715 534 972 604 butum
1020 555 1183 602 cum
1230 532 1689 603 substantivo
1716 536 2188 609 ,consocietur
2234 533 2423 618 (Leg.
2473 524 2584 603 IX
2628 540 2757 604 860
2775 555 2836 615 6,
2882 539 3086 615 8616,
3134 540 3262 605 862
3280 556 3342 615 a,
3388 540 3515 605 864
3533 536 3628 615 6),

714 633 876 703 ἄκων
930 642 1214 707 1611111111
1270 637 1755 724 praedicativa
1816 642 2091 707 ratione
2152 649 2573 726 usurpatur:
2637 639 2802 724 Leg.
2857 640 2968 708 IX
3025 640 3217 709 86οᾶ
3265 638 3297 703 ὃ
3328 688 3387 703 ..
3446 639 3636 710 κακὸς

715 736 877 806 ἄκων
934 748 1223 822 τοιοῦτοςς
1292 741 1446 812 Pol.
1494 740 1633 810 VII
1690 743 1881 812 5201)
1945 740 2203 826 ἀκούσης
2261 748 2363 825 τῆς
2423 744 2484 806 ἐν
2548 742 2768 828 ἑκάστῃ
2829 741 3154 822 πολιτείας;
3225 742 3393 811 Orit.
3451 748 3635 821 52ος

717 846 908 916 Prot.
975 851 1189 916 3450:
1260 846 1315 910 οἱ
1369 846 1441 910 τὰ
1507 846 1723 933 αἰσχρὰ
1757 894 1771 909 .
1802 895 1817 910 .
1848 895 1863 910 .
1920 852 2216 918 ποιοῦντες
2284 841 2522 918 ἄκοντες
2587 852 2847 925 ποιοῦσις
2920 846 3086 916 Orit.
3158 851 3297 915 586
3364 844 3635 910 ἀκόντων

711 948 1071 1036 Ἀθηναίωνς
1147 950 1334 1020 Phil.
1421 955 1557 1019 146
1632 948 1965 1036 ἀνθρώποις
2004 999 2017 1014 .
2051 1000 2065 1014 .
2097 999 2111 1014 .
2196 953 2394 1016 ἑκοῦσι
2467 976 2531 1015 τε
2605 949 2704 1015 καὶ
2785 947 3024 1031 {nouom
3103 951 3325 1040 Soph.
3406 955 3632 1019 2280:

718 1056 915 1143 ψυχὴν
945 1105 960 1120 .
991 1104 1006 1119 .
1037 1104 1050 1119 .
1096 1053 1261 1141 ἴσμεν
1308 1051 1567 1119 ἄκουσαν
1612 1060 1807 1119 πᾶσαν
1852 1061 1969 1119 πᾶν
2014 1057 2356 1140 ἀγνοοῦσαν.
2445 1055 2725 1137 Quibus
2793 1058 3192 1127 observatis
3257 1058 3633 1144 quaerenti

721 1160 809 1230 (16
856 1161 1362 1230 attributorum
1413 1159 1884 1230 collocatione
1947 1160 2592 1229 commendaverim
2660 1160 3091 1231 adiectivum
3155 1182 3197 1228 a
3248 1164 3632 1248 participio

720 1287 1110 1351 segregare.
1183 1265 1306 1344 (Cf.
1336 1264 1489 1333 Tim
1529 1264 1673 1334 5611
1710 1264 2056 1352 ξυντυχόντα
2102 1265 2173 1329 τὰ
2207 1265 2372 1351 μέρη,
2422 1268 2543 1353 qui
2575 1266 2779 1336 locus
2816 1269 2995 1336 bene
3027 1288 3188 1335 cum
3225 1270 3638 1336 coniectura

719 1392 883 1440 mea
928 1370 1253 1458 quadrat.
1301 1372 1755 1456 participium
1805 1392 1936 1439 suo
1988 1369 2197 1440 modo
2246 1369 2578 1439 collocari
2630 1379 2840 1458 atque
2888 1375 3230 1440 construi.
3298 1371 3632 1440 Ceterum

722 1480 1131 1544 increscunt
1177 1477 1252 1544 in
1300 1475 1818 1563 posterioribus
1867 1474 2198 1543 Platonis
2261 1473 2467 1544 libris
2516 1475 2680 1555 loci,
2745 1477 3008 1563 quibus
3057 1478 3634 1545 constructiones

721 1583 1083 1669 participii
1119 1581 1218 1650 ab
1239 1580 1604 1649 66111166
1638 1586 1719 1648 ut
1750 1588 2162 1650 nostrorum
2196 1580 2726 1662 significatione
2759 1590 2919 1649 utar
2951 1582 3399 1653 exhibentur.
3446 1599 3633 1665 quae

721 1708 833 1755 res
880 1686 1100 1771 digna
1145 1692 1256 1754 est
1301 1706 1483 1772 quae
1531 1687 1847 1753 numeris
1895 1684 2347 1766 illustretur.)

933 1788 1132 1870 Quae
1179 1788 1266 1858 de
1312 1792 1706 1876 participiis
1754 1794 2099 1877 proposui
2148 1794 2210 1858 si
2257 1792 2693 1877 probaveriS,
2743 1789 3223 1878 supersedebo
3279 1787 3507 1857 multa
3540 1785 3632 1854 (16

724 1893 1093 1964 adiectivis
1163 1916 1323 1963 cum
1397 1897 1773 1982 participio
1844 1931 1929 1940 —
1998 1898 2308 1963 maxime
2377 1917 2538 1964 cum
2599 1890 2684 1958 ὤν
2751 1933 2838 1941 -
2904 1897 3305 1963 coniunctis
3381 1890 3631 1959 dicere.

933 1998 1131 2080 Quae
1206 2020 1295 2066 ne
1371 2003 2116 2069 commemoravissem
2193 1998 2501 2087 quidem,
2592 2023 2753 2069 cum
2846 1999 3275 2069 adiectivum
3367 2016 3633 2065 nomen

724 2103 1117 2192 praedicati
1162 2125 1318 2172 esse
1364 2104 1546 2173 mihi
1596 2104 1942 2184 videatur,
2007 2107 2150 2172 nisi
2199 2126 2719 2193 nonnunquam
2770 2105 3197 2174 adiectivum
3258 2124 3419 2171 cum
3466 2121 3634 2186 par-

722 2213 970 2296 ticipio
1048 2212 1253 2296 quasi
1329 2212 1400 2278 in
1482 2231 1701 2278 unam
1779 2213 2145 2279 notionem
2222 2210 2632 2291 coaluisset,
2709 2213 2809 2278 ita
2875 2217 2958 2279 ut
3024 2210 3477 2297 participium
3549 2199 3636 2266 ὤν

727 2314 1115 2384 desiderari
1174 2317 1408 2402 possit
1470 2336 1686 2383 sensu
1746 2317 2146 2383 sententiae
2205 2336 2350 2383 non
2414 2322 2712 2385 mutato.
2829 2314 3064 2396 Quam
3128 2336 3273 2383 rem
3336 2333 3498 2380 cum
3558 2311 3637 2376 in

726 2421 1244 2507 posterioribus
1270 2419 1473 2488 libris
1501 2411 1832 2489 Platonis
1860 2418 2301 2506 frequentius
2330 2423 2722 2489 invenerim
2752 2442 2963 2507 quam
2993 2423 3067 2488 111
3094 2421 3365 2494 6616116,
3388 2417 3631 2500 gravi-

726 2527 859 2593 tati
905 2524 1186 2594 cuidam
1236 2527 1544 2593 auctoris
1579 2545 1760 2611 quae
1793 2527 2010 2592 etiam
2053 2525 2217 2594 aliis
2249 2525 2484 2594 modis
2519 2524 2800 2594 dicendi
2838 2532 3133 2612 apparet
3165 2522 3631 2590 attribuerim.

729 2628 1087 2717 Exempla
1130 2651 1275 2697 rem
1325 2627 1723 2699 illustrent:
1775 2629 1965 2699 Prot.
2017 2629 2278 2700 316d'e
2309 2629 2341 2694 ὁ
2387 2636 2485 2695 νῦν
2531 2629 2615 2694 ἔτι
2647 2626 2730 2693 ὤν
2762 2629 2995 2702 οὐδενὸς
3027 2625 3256 2714 ἥττων
3289 2624 3638 2712 σοφιστής

720 2731 1053 2818 ‘flammea
1102 2732 1323 2803 Conv.
1380 2738 1584 2802 1810:
1646 2731 1764 2796 ἀπὸ
1823 2740 1949 2820 τῆς
2010 2737 2195 2799 θεοῦ
2252 2734 2538 2820 νεωτέρας
2595 2730 2770 2818 οὔσης
2827 2734 2977 2798 πολὺ
3030 2731 3069 2818 ἤ
3114 2739 3216 2818 τῆς
3262 2733 3460 2817 ἔτέρας
3505 2739 3635 2797 oet.

733 2838 818 2906 In
877 2838 994 2907 his
1053 2845 1267 2925 atque
1314 2837 1675 2907 similibus
1730 2837 1907 2907 locis
1967 2848 2362 2909 memoratu
2434 2841 2634 2926 digni
2703 2839 2885 2910 nihil
2945 2840 3204 2918 habes:
3274 2836 3397 2906 sed
3455 2856 3638 2922 quae

732 2951 1132 3030 sequuntur
1199 2946 1416 3012 etiam
1487 2946 1864 3031 participio
1934 2952 2221 3013 careant
2287 2945 2471 3014 licet.
2568 2944 2735 3041 Leg.
2801 2944 2984 3013 XII:
3045 2938 3180 3007 οὔτε
3234 2941 3341 3024 Ἰὰς
3399 2935 3637 3025 ἄπειρος

732 3041 880 3112 οὖσα
925 3047 1121 3129 πόλις;
1185 3047 1351 3132 Leg.
1402 3047 1511 3116 IX
1557 3048 1783 3117 853d:
1845 3048 2042 3133 νόμοις
2073 3098 2086 3112 .
2118 3098 2131 3113 .
2164 3097 2178 3112 .
2236 3050 2495 3135 ἰσχυροῖς
2542 3045 2734 3129 οὖσινς
2797 3050 2965 3134 Leg.
2999 3047 3102 3117 Vl
3149 3053 3336 3116 7576,
3387 3043 3638 3115 παλαιός

732 3152 902 3237 λόγος
947 3151 1181 3237 ἀληθὴς
1226 3146 1340 3233 ὤν;
1386 3151 1571 3222 Phil.
1629 3153 1770 3222 15d
1817 3153 2030 3237 ταύτης
2076 3150 2318 3239 ἄρξηται
2364 3159 2583 3237 πολλῆς
2628 3149 2805 3238 οὔσης
2850 3180 2901 3217 κ.
2946 3152 3221 3237 παντοίης
3255 3201 3268 3214 .
3301 3201 3314 3215 .
3346 3200 3360 3214 .
3407 3149 3640 3236 μάχηςς

738 3259 1020 3341 Quibus
1068 3256 1415 3345 exemplis
1463 3280 1672 3327 nemo
1704 3267 1904 3353 ,certe
1951 3259 2088 3328 hos
2133 3258 2333 3328 locos
2382 3262 2930 3347 comparaverit:
2994 3259 3182 3327 Prot.
3232 3261 3412 3326 316e
3459 3254 3637 3339 μέγας

732 3361 815 3428 ὢν
862 3363 1135 3450 σοφιστής
1183 3361 1379 3448 Gorg
1404 3368 1579 3430 4520
1625 3361 1730 3427 ἐοίν
1776 3387 1866 3426 σοι
1910 3362 2163 3426 πλούτου
2207 3370 2369 3450 φανῇ
2411 3390 2465 3428 τι
2511 3367 2703 3449 μεῖζον
2742 3362 2969 3448 ἀγαθὸν
3014 3359 3078 3426 ὂν
3122 3359 3207 3446 ἢ.
3238 3410 3252 3424 .
3285 3410 3325 3437 .,
3375 3360 3636 3447 quibus

740 3468 1090 3538 adiectiva
1138 3468 1487 3537 attributa
1531 3489 1692 3535 611111
1740 3467 2031 3553 σοφιστής,
2078 3467 2307 3553 ἀγαθόν
2353 3473 2872 3539 consociantur.
2927 3505 3004 3513 —

944 3572 1299 3660 Exempla
1365 3576 1440 3641 111
1511 3573 1774 3659 quibus
1849 3570 1992 3640 duo
2061 3573 2176 3641 vel
2245 3573 2456 3661 plura
2524 3576 2874 3642 attributa
2942 3580 3067 3641 aut
3135 3569 3455 3640 eiusdem
3516 3575 3637 3636 aut

737 3677 1000 3747 diversi
1022 3680 1302 3762 generis
1330 3698 1490 3745 cum
1517 3678 1979 3747 substantivo
2006 3682 2528 3759 consociantur,
2557 3699 2992 3765 quamquam
3032 3679 3273 3747 omnia
3304 3672 3632 3758 colligere

736 3789 1037 3852 conatus
1098 3804 1282 3862 611111,
1347 3781 1915 3851 dinumeratione
1976 3791 2465 3870 perscrutatus
2528 3803 2673 3851 non
2733 3805 2915 3860 sum,
2986 3803 3145 3850 cum
3211 3800 3336 3867 pro
3396 3777 3631 3865 impli-

736 3889 1014 3955 catione
1061 3890 1160 3955 rei
1205 3884 1399 3955 haud
1450 3886 1760 3956 multum
1793 3891 1963 3956 certi
1999 3891 2221 3957 statui
2255 3892 2522 3975 possit:
2571 3895 2811 3956 tamen
2847 3887 3150 3956 adhibui
3184 3884 3274 3953 ad
3309 3883 3631 3952 dinume-

736 3996 1085 4061 rationem
1156 4013 1403 4061 omnes
1472 3991 1670 4061 locos
1741 3994 2006 4079 quibus
2078 4001 2353 4080 praeter
2423 3991 2855 4062 adiectivum
2925 4013 3173 4059 verum
3241 4009 3630 4076 pronomen

737 4102 865 4165 aut
921 4095 1285 4165 numerale
1347 4098 1775 4166 attribuitur.
1870 4095 2070 4177 Quae
2116 4100 2545 4184 pronomina
2591 4105 2715 4166 etc.
2774 4095 2966 4185 quod
3014 4118 3160 4165 non
3207 4093 3429 4162 simul
3474 4113 3628 4161 cum

738 4223 875 4270 usu
940 4199 1451 4269 adiectivorum
1514 4208 1676 4269 ante
1740 4199 1988 4271 oculos
2049 4223 2312 4289 ponere
2371 4202 2693 4289 possum,
2762 4201 2973 4270 valde
3032 4199 3263 4280 doleo,
3325 4219 3486 4266 cum
3549 4194 3632 4264 ad

736 4304 926 4374 idem
974 4311 1297 4392 spectent
1342 4326 1423 4374 ac
1466 4326 1634 4375 vera
1680 4304 2050 4385 adiectiva.
2123 4305 2330 4387 Quod
2381 4315 2618 4376 autem
2666 4328 2828 4375 cum
2880 4308 2967 4375 ab
3017 4307 3224 4373 initio
3270 4303 3631 4372 materiam

741 4407 1073 4496 opusculi
1142 4411 1533 4478 terminans
1606 4431 1750 4477 non
1821 4413 2308 4492 coniecissem,
2378 4411 2707 4498 exempla
2768 4431 2926 4480 mea
2982 4412 3337 4495 exscripta
3408 4405 3632 4474 adhuc

737 4535 969 4600 neque
1033 4512 1371 4583 absoluta
1465 4535 1693 4601 neque
1751 4516 1970 4601 plena
2030 4522 2221 4584 sunt.
2335 4514 2521 4584 Una
2579 4538 2741 4585 cum
2788 4517 2986 4584 veris.
3039 4511 3408 4581 adiectivis
3469 4510 3633 4578 haec

737 4625 975 4686 tamen
1024 4640 1172 4688 non
1218 4621 1735 4697 tractavissem‚
1784 4640 1945 4687 cum
1997 4618 2322 4690 diversus
2374 4643 2551 4690 usus
2600 4617 3002 4691 collocandi
3048 4619 3123 4685 in
3171 4613 3631 4684 similitudine

738 4720 1165 4790 statuendus
1212 4725 1326 4790 sit.
1420 4721 1793 4802 (Conferas
1840 4723 2114 4793 Rohdii
2175 4746 2510 4794 numeros
2570 4727 2646 4794 in
2693 4730 3114 4809 conspectu:
3182 4740 3294 4806 pg.
3352 4724 3429 4787 13
3477 4717 3631 4798 duo,

737 4847 852 4913 pg.
915 4832 996 4894 15
1049 4847 1274 4905 1116116,
1335 4829 1491 4913 ipse
1557 4832 1717 4900 ete.)
1817 4827 1999 4897 Cum
2078 4831 2291 4898 etiam
2373 4829 2552 4897 locis
2638 4829 3013 4914 exscriptis
3100 4830 3401 4902 constet,
3491 4824 3630 4890 usi-

738 4934 1096 5000 tatissima
1166 4932 1405 5002 verba
1494 4934 1723 5000 rarius
1798 4936 2165 5019 postponi,
2254 4936 2535 5002 numeri
2624 4954 2803 5020 quos
2887 4932 3392 5018 propositurus
3481 4947 3633 4996 sum
