3925 5692
1860 355 1897 421 ⁷

420 582 566 630 non
612 577 894 628 verum:
944 556 1208 634 ,πιθανὸς
1256 557 1344 639 (ο.
1379 555 1463 624 V.
1517 557 1666 638 (46)
1713 578 1781 643 p.
1834 561 1917 625 76
1958 555 2155 640 Sch.)
2205 555 2235 621 ὁ
2284 556 2469 641 λόγος,
2516 554 2642 622 ἀλλ’
2695 555 2803 621 οὐκ
2848 555 3098 642 ἀληθής,
3146 554 3352 631 ἔδοξεν“

421 660 570 727 εἷναί
615 688 729 747 μοι,
775 662 946 747 ἕτερα
993 665 1130 744 γοῦν
1175 659 1521 747 παράσχοιτ’
1560 654 1631 724 ἄν
1677 685 1761 732 τις
1807 658 2255 745 παραδείγματα
2298 660 2458 747 παρὰ
2504 666 2588 745 τῷ
2626 659 2787 745 αὐτῷ
2822 667 3041 746 ποιητῇ
3081 657 3338 745 κείμενα,

421 764 692 840 ἐναντίως
736 765 1160 849 συντεταγμένα
1205 761 1244 849 ἢ
1289 771 1473 830 ταῦτα
1520 765 1892 829 συντέτακται
1936 763 2095 829 καλοί
2139 789 2203 829 τε
2249 764 2363 852 οὐχ
2409 760 2578 854 ἧττον
2622 762 2723 829 καὶ
2765 764 3028 830 ἰϊιθανοίι

629 870 831 939 Duae
917 889 1086 938 vero
1177 882 1350 939 sunt
1439 890 1718 948 causae,
1808 890 1989 956 quae
2080 868 2323 939 studia
2391 870 2729 956 Dionysii
2817 873 2896 940 in
2975 874 3331 940 incertum

418 983 829 1063 rapuerunt,
898 973 1122 1044 altera
1190 974 1382 1062 quod
1451 997 1597 1045 non
1665 977 2005 1044 maiorem
2072 983 2346 1060 partem
2409 976 2759 1044 sermonis
2809 973 3062 1044 Graeci
3108 996 3329 1062 quae-
3422 1064 3432 1073 ·

423 1082 658 1148 stione
691 1085 1175 1166 perscrutatus
1212 1086 1344 1159 est,
1394 1078 1617 1148 altera
1662 1076 1856 1165 quod
1902 1086 2425 1165 praeoccupata
2471 1087 2707 1148 mente
2755 1078 3331 1202 dissertationem

426 1186 514 1254 ab
564 1187 773 1253 initio
823 1183 910 1252 ad
961 1192 1232 1253 certum
1279 1183 1495 1254 finem
1541 1203 1794 1254 vocare
1842 1183 1984 1251 sibi
2030 1180 2369 1251 vindicat.

633 1288 739 1358 De
830 1291 1302 1359 recentiorum
1391 1291 2020 1374 grammaticorum
2111 1290 2511 1374 praeceptis
2602 1289 2894 1358 uberius
2989 1286 3328 1356 disserere

428 1392 880 1480 supersedeo,
957 1415 1116 1462 cum
1198 1391 1390 1479 quod
1465 1395 1722 1462 attinet
1791 1390 2227 1462 Graecorum
2304 1413 2516 1460 usum
2594 1390 2926 1462 adiectivi
3002 1392 3332 1461 attributi

427 1496 836 1568 collocandi
883 1495 1077 1584 apud
1125 1518 1246 1565 eos
1296 1497 1482 1566 nihil
1528 1497 1670 1566 fere
1715 1499 2037 1566 invenire
2082 1499 2456 1583 potuerim.
2480 1496 2533 1579 ¹)

633 1602 724 1670 K.
778 1600 883 1669 W.
948 1601 1272 1686 Krueger
1335 1601 1485 1680 (Gr.
1553 1600 1738 1689 Sprl.
1772 1600 1797 1638 4
1830 1600 1901 1670 Π
1956 1621 2120 1688 pag.
2182 1603 2295 1683 15)
2363 1603 2740 1688 praecipit:
2811 1599 2989 1678 „Ein
3041 1599 3336 1681 Adjektiv

422 1706 594 1770 kann
641 1705 801 1770 auch
847 1705 941 1770 bec:
985 1706 1120 1770 dem
1160 1705 1409 1770 Vocativ
1452 1706 1568 1769 mit
1611 1701 1661 1768 ὦ
1701 1706 1834 1769 dem
1864 1702 2231 1771 Substantiv
2273 1704 2501 1769 sowohl
2542 1704 2930 1786 voranyehen
2973 1704 3070 1768 als
3111 1704 3333 1788 folyen,

424 1810 792 1876 letzteres
848 1810 963 1875 bei
1020 1811 1476 1892 yerinyerer
1530 1811 2031 1893 Betonun9“,·
2092 1817 2163 1879 et
2222 1815 2258 1887 ᾖ
2306 1814 2411 1892 57,
2458 1814 2522 1890 2,
2572 1816 2641 1877 1:
2704 1807 3336 1890 „Voranyestellt

421 1915 625 1979 wird
685 1935 828 1979 von
895 1915 1167 1980 beiden
1233 1915 1659 1997 Beyriffen
1727 1916 1854 1998 (sc.
1925 1917 2466 1986 substantivum
2534 1921 2605 1984 et
2672 1914 3131 1997 attributum)
3200 1914 3335 1977 der

424 2020 848 2097 betontere‚
893 2040 1036 2102 may
1082 2019 1190 2083 der
1233 2018 1483 2083 Artikel
1527 2019 1915 2085 hinzutreten
1959 2021 2105 2085 oder
2146 2019 2373 2084 nieht‘fi

636 2123 1007 2192 Permulta
1053 2130 1297 2192 tamen
1346 2124 1674 2211 exempla
1718 2127 2042 2194 invenies
2093 2146 2274 2211 quae
2327 2146 2488 2194 cum
2536 2114 2896 2217 Kruegeri'
2931 2126 3329 2211 praeceptis

427 2226 626 2297 haud
675 2231 1138 2297 consentiunt
1183 2251 1414 2316 neque
1461 2250 1624 2299 cum
1671 2228 2024 2313 Madvigii
2070 2228 2309 2316 (Synt.
2341 2228 2404 2297 d.
2436 2228 2552 2298 Gr.
2584 2226 2738 2315 Spr.
2771 2227 3332 2313 Braunschweig

417 2338 502 2401 84
549 2354 616 2420 p.
666 2336 828 2415 276)
892 2334 1048 2411 ,Ein
1104 2335 1363 2399 Genetiv
1408 2334 1554 2398 oder
1597 2334 1696 2398 ein
1744 2334 2037 2416 Adjektiv
2089 2334 2186 2399 bei
2236 2335 2434 2399 einem
2476 2332 2840 2400 Substantiv
2888 2333 3044 2398 ohne
3087 2332 3335 2396 Artikel

414 2436 575 2501 steht
619 2457 816 2501 vorem
859 2438 975 2501 mit
1031 2438 1290 2521 einiyem
1335 2438 1747 2502 Nachdrueke
1788 2439 1924 2502 und
1964 2439 2068 2503 des
2125 2437 2531 2521 Geyensatzes
2578 2460 2782 2522 weyen
2796 2460 2818 2503 .·
2869 2434 3117 2511 εὔζωνος
3164 2435 3328 2523 ἀνήρ,

412 2545 517 2623 τῆς
561 2539 832 2626 πατρίδος
880 2541 1095 2627 σωτήρ,
1141 2546 1313 2606 sonst
1358 2542 1734 2625 yewo'hnlich
1776 2543 2087 2607 nachher:
2130 2540 2278 2628 ἀνὴρ
2324 2542 2568 2628 ἀγαθός.
3397 2623 3403 2629 ⁶

626 2644 826 2727 Quae
893 2652 1273 2733 praecepta
1342 2666 1503 2716 cum
1575 2650 1981 2734 quaestioni
2051 2669 2246 2717 meae
2302 2647 2716 2718 Platonicae
2775 2647 3324 2717 fundamentum

414 2752 737 2820 subicere
814 2774 961 2821 non
1038 2754 1335 2837 possim,
1414 2754 1489 2821 in
1566 2751 2072 2822 constituenda
2137 2751 2294 2838 lege
2364 2751 2695 2822 adiectivi
2767 2750 3171 2823 collocandi
3241 2773 3329 2820 ex

411 2854 696 2924 duabus
789 2854 1439 2936 dissertationibus,
1540 2879 1721 2942 quae
1812 2855 1898 2924 de
1990 2880 2128 2926 usu
2221 2857 2481 2928 Latino
2578 2867 2836 2944 agunt,
2926 2858 3322 2926 maximum

408 2957 692 3029 lucrum
740 2963 1038 3048 sumpsi.
1059 2959 1114 3039 2)
1208 2961 1551 3030 Rationes
1599 2968 1840 3030 tamen
1888 2962 2297 3049 inquirendi
2346 2985 2524 3050 quas
2574 2962 2742 3032 illae
2791 2971 3073 3032 secutae
3130 2969 3325 3037 sunt,

408 3064 712 3151 probare
803 3087 949 3135 non
1040 3088 1378 3153 possum;
1470 3066 1902 3137 observandi
1978 3075 2215 3137 autem
2290 3072 2602 3138 rationes
2682 3090 2841 3138 cum
2919 3066 3011 3136 ad
3093 3087 3325 3135 meam

410 3172 1109 3254 argumentationem
1172 3174 1418 3256 magni
1476 3175 1822 3240 momenti
1878 3175 2048 3251 sint,
2107 3172 2334 3241 facere
2387 3195 2533 3241 non
2581 3194 2901 3260 possum,
2963 3174 3138 3260 quin
3185 3170 3322 3239 hoc

407 3271 570 3343 loco
621 3273 971 3361 opuscula
1019 3274 1151 3343 illa
1196 3276 1488 3345 uberius
1537 3278 1955 3346 examinem.

621 3377 939 3460 Quarum
1016 3379 1240 3449 altera
1289 3382 1376 3450 ab
1426 3379 1841 3451 Alexandro
1894 3382 2269 3469 Reckzeyo
2318 3386 2721 3469 conscripta
2784 3380 3047 3464 (Berol.
3108 3403 3164 3449 a.
3217 3386 3318 3450 88.

409 3482 779 3564 Proyramm
848 3484 1270 3549 Imisenstctdt.
1342 3484 1788 3566 Gymnasium)
1862 3485 2215 3556 adiectivi·
2257 3486 2496 3557 locum
2566 3489 3113 3572 grammaticum
3169 3489 3210 3554 i.
3263 3508 3317 3554 e.

408 3587 882 3673 principalem
930 3597 1097 3675 post
1144 3590 1683 3660 substantivum
1719 3613 1876 3660 esse
1908 3594 2211 3679 probare
2245 3591 2522 3672 studet;
2570 3600 2842 3662 veteres
2882 3594 3069 3661 enim
3107 3611 3322 3678 quam

409 3713 548 3762 nos
580 3696 1012 3779 percipimus
1049 3693 1523 3764 differentiam
1557 3698 1738 3765 inter
1771 3695 2204 3767 adiectivum
2229 3703 2298 3766 et
2325 3699 2866 3767 substantivum
2894 3700 3320 3776 nescienteS,

405 3797 547 3864 hoc
618 3820 898 3875 ,nomen
969 3801 1406 3886 appositum'
1475 3801 1681 3870 alteri
1749 3805 2026 3873 nomini
2100 3801 2442 3872 adiecisse
2514 3803 2589 3885 (l.
2661 3825 2717 3873 c.
2788 3824 2903 3891 pg.
2973 3805 3064 3884 1).
3183 3803 3320 3866 Aus

405 3901 607 3964 dieser
650 3903 1151 3985 eiyentitmliehen
1181 3906 1584 3989 Auffassuny
1629 3908 1734 3971 des
1775 3907 2089 3990 Beyriffes
2118 3908 2512 3973 Acliectivum
2556 3910 2651 3973 als
2696 3910 2861 3973 eines
2891 3908 3133 3972 Nomen
3175 3927 3237 3970 u.
3267 3927 3319 3978 z,

406 4005 507 4069 als
564 4006 728 4071 eines
774 4007 1014 4074 Nomen
1075 4012 1427 4093 appositum
1472 4011 1706 4076 erklc‘irt
1749 4011 1880 4076 sich
1925 4013 2024 4076 die
2067 4011 2365 4094 Stellam,
2432 4013 2531 4077 die
2573 4012 2909 4077 demselben
2951 4013 3023 4076 in
3068 4012 3175 4076 der
3219 4012 3323 4075 des

406 4110 688 4175 Artilcels
730 4112 1172 4179 entbehrenden
1218 4115 1620 4180 lateinischen
1663 4115 1936 4196 Sprache
1980 4118 2050 4181 in
2087 4117 2479 4200 Verbinduny
2524 4118 2639 4181 mit
2684 4117 2818 4181 dem
2847 4116 3321 4183 Substantivum

402 4216 846 4298 urspriinylieh
890 4218 1271 4300 anyewiesen
1323 4221 1570 4285 worden
1615 4222 1697 4285 ist
1711 4242 1733 4285 .·
1794 4243 1856 4285 es
1898 4221 2088 4304 folyte
2132 4221 2359 4286 diesem
2404 4222 2909 4304 (yrammatische
2951 4218 3321 4304 Stelluny).“

615 4441 657 4509 ¹)
692 4440 894 4499 Unum
942 4442 1086 4501 novi
1131 4443 1405 4503 libellum
1447 4445 1694 4503 Braunii
1741 4446 1837 4515 (de
1888 4447 2277 4507 collocatione
2327 4449 2644 4506 verborum
2693 4446 2854 4516 apud
2894 4444 3313 4516 Thucydidem

398 4527 863 4598 observationes,
921 4530 986 4587 in
1022 4538 1460 4600 programmate
1500 4532 1893 4603 Braunsberg.
1948 4536 2120 4602 1861).
2220 4534 2592 4593 Attributum
2650 4539 2851 4592 autem
2889 4532 3049 4603 apud
3095 4551 3313 4592 nomen

399 4612 661 4673 articulo
697 4633 817 4674 non
854 4615 1173 4675 definitum
1210 4635 1286 4676 ne
1323 4624 1745 4677 commemorat
1779 4620 2023 4690 quidem
2059 4620 2165 4679 ille
2202 4620 2295 4678 vir
2331 4621 2559 4679 doctus.

613 4700 654 4763 ²1
693 4701 978 4761 Confer-as
1013 4703 1195 4762 velim
1250 4705 1429 4763 etiam
1499 4705 1764 4765 libellos:
1822 4706 2115 4766 Ernestus
2152 4707 2452 4777 Albrecht‚
2512 4707 2588 4765 de
2623 4705 2904 4766 adiectivi
2941 4705 3215 4764 attributi
3250 4705 3314 4763 in

400 4786 614 4856 lingua
684 4788 871 4848 latina
929 4790 1319 4850 collocatione
1384 4792 1703 4862 specimen,
1778 4794 2084 4864 Marpurgi
2148 4795 2457 4854 Cattorum
2514 4799 2680 4865 18903
2758 4793 3062 4852 Willibald
3122 4792 3312 4862 PreiS,

404 4874 772 4933 adiectivum
827 4883 961 4936 utro
1012 4878 1221 4937 ordine
1276 4880 1435 4949 apud
1490 4880 1749 4949 optimos
1790 4881 2193 4940 Romanorum
2241 4881 2564 4951 scriptores
2612 4882 3001 4941 coniunctum
3050 4878 3129 4938 sit
3174 4897 3311 4938 cum

407 4962 786 5022 substantivo
824 4964 1147 5034 quaeritur,
1185 4965 1388 5036 Progr.
1430 4966 1738 5036 Bayreuth
1779 4973 1927 5026 18:39.
