3925 5692
1756 424 1800 488 9

533 626 880 704 ‚Sublata
941 631 1178 714 inquit
1218 627 1265 697 1.
1317 649 1370 694 c.
1421 649 1485 713 p.
1536 632 1598 706 2,
1667 629 1854 695 enim
1920 632 2265 696 memoria
2319 631 2714 697 sententiae
2769 628 3231 699 secundariae

320 735 642 808 ,nomina
706 735 1087 799 artissimis
1152 731 1462 799 vinculis
1522 734 1705 800 inter
1766 753 1841 800 se
1901 730 2432 817 copulabantur
2493 738 2564 800 et
2608 734 3232 802 connectebantur‘

320 834 614 903 deinde:
680 834 1051 915 ,indicium
1119 843 1331 921 atque
1387 838 1670 919 insigne
1737 838 2020 904 artioris
2069 837 2597 904 coniunctionis
2648 839 2720 903 in
2771 858 2851 905 eo
2901 840 3233 913 cernitur,

321 938 582 1024 ,quod
632 939 1177 1008 adiectivum
1229 947 1441 1007 ante
1490 940 2183 1008 substantivum
2233 942 2630 1026 positum
2679 929 2850 1008 est.‘
2957 992 2958 995 ,

532 1060 614 1128 In
662 1060 1036 1129 tractanda
1099 1064 1318 1144 igitur
1367 1060 1700 1130 adiectivi
1764 1063 2296 1130 constructione
2360 1082 2589 1148 neque
2650 1065 3232 1146 investigationis

321 1168 673 1234 rationem
743 1165 1122 1250 Reckzeyi,
1193 1187 1423 1253 neque
1493 1169 1938 1234 coniecturas
2005 1164 2275 1233 Rohdii
2342 1163 2792 1235 adhibendas
2863 1188 3040 1244 esse,
3109 1166 3234 1236 sed

322 1268 559 1337 solum
633 1274 705 1337 in
778 1271 1277 1340 observatione
1345 1273 1696 1339 sermonis
1767 1292 1805 1338 e
1873 1270 2079 1339 libris
2151 1290 2435 1339 summa
2505 1269 2881 1354 diligentia
2959 1269 3238 1341 collecti

329 1371 706 1442 nitendum
769 1396 924 1441 esse
992 1381 1305 1460 apparet.
1411 1372 1611 1455 Quae
1670 1375 2075 1443 observatio
2136 1379 2198 1442 si
2263 1396 2393 1443 nos
2453 1372 2836 1453 edocuerit,
2897 1379 2973 1443 in
3032 1373 3238 1445 libris

321 1479 749 1563 scriptorum
820 1477 1044 1546 soluti
1112 1482 1462 1547 sermonis
1534 1477 1887 1547 adiectiva
1955 1478 2378 1564 plerumque
2448 1487 2612 1547 ante
2687 1479 3228 1548 substantivum

321 1585 562 1667 posita
616 1588 878 1658 extare,
949 1583 1134 1651 hanc
1190 1586 1792 1651 constructionem
1860 1604 1989 1668 pro
2049 1585 2390 1668 primaria
2449 1582 2862 1651 vendemus
2974 1582 3235 1654 Utrum

320 1686 499 1753 haec
586 1686 961 1755 collocatio
1047 1688 1497 1772 temporibus
1587 1709 1767 1774 quac
1852 1688 2341 1756 monumentis
2417 1684 2712 1771 linguae
2784 1687 3238 1767 antecedunt,

322 1789 607 1858 diversa
671 1790 885 1859 fuerit
948 1813 1165 1858 necne
1230 1802 1442 1876 atque
1509 1790 1869 1878 quomodo
1936 1800 2091 1859 orta
2145 1793 2241 1858 sit
2295 1812 2628 1876 quaerere
2674 1791 2793 1860 hic
2837 1792 3042 1861 locus
3089 1814 3236 1863 non

323 1905 452 1962 est.
554 1895 685 1963 Est
729 1904 965 1963 autem
1021 1896 1158 1964 hoc
1205 1898 1663 1982 potissimum
1714 1898 2277 1979 investigatoriS,
2324 1894 2625 1963 diversis
2676 1895 2957 1965 dicendi
2992 1898 3237 1967 formis

325 2001 414 2073 (e.
486 2021 549 2084 g.
629 1998 959 2067 adiectivi
1030 1994 1376 2077 attributi,
1453 2002 1924 2085 pronominiS,
2009 2002 2391 2085 participii,
2470 1998 2806 2068 adiectivi
2889 2005 3235 2088 appositi)

323 2107 724 2172 terminatis
794 2107 1106 2172 omnia
1175 2104 1362 2190 apud
1440 2113 1799 2172 auctorem
1869 2107 2192 2172 extantia
2254 2103 2582 2190 exempla
2638 2109 2996 2192 exscripta
3042 2129 3237 2175 com-

319 2229 572 2294 parare
618 2212 803 2276 inter
848 2231 945 2287 se,
995 2212 1095 2276 ita
1146 2218 1226 2277 ut
1270 2211 1452 2279 bene
1500 2212 1938 2288 observetur,
1988 2231 2160 2276 num
2206 2208 2470 2278 indicia
2517 2219 2921 2278 mutatae
2955 2209 3238 2280 dicendi

325 2312 871 2382 consuetudinis
934 2312 1126 2399 apud
1188 2312 1518 2398 singulos
1577 2317 1953 2399 scriptores
2004 2328 2129 2381 aut
2178 2315 2249 2381 in
2300 2312 2610 2397 singulis
2659 2317 2877 2382 unius
2925 2317 3237 2384 auctoris

323 2415 529 2486 libris
613 2420 1090 2485 inveniantur.
1205 2415 1411 2497 Quod
1496 2417 1697 2487 nullo
1775 2415 1990 2487 modo
2067 2420 2208 2485 nisi
2286 2415 2633 2486 adhibitis
2701 2421 3016 2486 numeris
3085 2417 3239 2486 fieri

321 2530 595 2607 potest,
700 2543 858 2589 cum
967 2525 1500 2591 accuratissima
1592 2524 1944 2591 sermonis
2039 2524 2354 2607 cognitio
2448 2520 2792 2590 iudicium
2887 2526 3236 2595 incertum

325 2626 660 2713 proferat,
732 2635 945 2712 atque
1012 2626 1402 2696 lectoribus
1473 2626 1616 2696 alio
1689 2625 1901 2694 modo
1958 2648 2085 2712 pro
2132 2647 2524 2713 permagno
2571 2648 2866 2696 numero
2917 2626 3238 2696 locorum

324 2734 758 2800 sententiam
812 2739 1131 2800 nostram
1179 2735 1705 2799 communicare
1752 2752 1894 2798 non
1944 2733 2331 2816 possimus,

537 2853 957 2938 Reckzeyus
991 2856 1291 2923 minoris
1326 2857 1673 2923 momenti
1708 2853 1926 2922 habet
1959 2856 2303 2921 rationem
2341 2856 2439 2920 rei
2490 2857 2806 2922 numeris
2856 2852 3234 2922 illustran-

326 2956 457 3024 dae
520 2958 593 3032 (l.
646 2979 699 3024 c.
750 2978 863 3044 pg.
914 2963 953 3024 2
1015 2978 1132 3022 von
1177 2959 1285 3021 ‹lee-
1347 2960 1413 3020 in
1473 2958 1580 3021 der
1628 2958 1968 3038 Philoloyie
2006 2959 2160 3038 jetzt
2215 2978 2283 3019 so
2339 2958 2629 3020 beliebten
2672 2957 3108 3021 Zdhlmethode
3161 2956 3242 3021 ist

321 3062 464 3124 sehr
507 3062 698 3125 selben
753 3062 1083 3126 Gcbrmwh
1126 3063 1402 3143 yemaelvt
1452 3061 1700 3126 worden
1744 3114 1758 3129 .
1811 3114 1821 3126 .
1876 3066 1945 3140 .).
2049 3060 2379 3130 Concedo
2445 3082 2777 3130 numeros
2840 3083 2926 3129 cx
2987 3065 3237 3148 paucis

323 3164 688 3243 collectos,
758 3189 812 3233 e.
878 3188 942 3250 g.
1010 3188 1095 3234 ex
1159 3166 1625 3249 fragmentiS‚·
1671 3172 1798 3233 aut
1860 3188 1944 3234 ex
2012 3165 2314 3234 diversis
2374 3188 2428 3232 e.
2477 3186 2542 3250 g.
2602 3188 2688 3234 ex
2741 3169 2976 3252 poetis
3024 3171 3239 3251 atque

330 3270 614 3341 solutae
684 3273 1031 3339 orationis
1102 3272 1592 3357 scriptoribuS,
1668 3291 1923 3356 parum
1997 3271 2269 3350 valere;
2364 3269 2727 3339 Ciceronis
2806 3275 3041 3337 autem
3124 3268 3238 3337 vel

324 3363 655 3443 Platonis
702 3373 926 3443 libros
976 3378 1452 3460 perscrutanti
1498 3396 1583 3443 ex
1634 3373 2205 3444 dinumeratione
2255 3395 2592 3457 magnum
2642 3373 2921 3443 lucrum
2971 3373 3230 3443 evadit.

326 3480 631 3547 Fructus
697 3482 884 3547 enim
946 3482 1248 3547 rationis
1298 3482 1397 3546 rei
1444 3481 1759 3547 numeris
1809 3477 2496 3548 circumscribendae
2551 3499 2695 3545 non
2745 3487 2892 3546 tam
2942 3500 3029 3546 ex
3076 3481 3235 3564 ipso

325 3605 621 3652 numero
672 3583 932 3661 evadit,
982 3604 1191 3669 quam
1266 3605 1352 3651 ex
1411 3605 1491 3651 eo
1552 3581 1743 3669 quod
1792 3582 2286 3653 collectionem
2355 3585 2675 3651 omnium
2743 3581 3235 3669 exemplorum

324 3686 671 3756 similium
753 3693 918 3755 ante
995 3686 1242 3757 oculos
1329 3688 1678 3756 habemus
1763 3691 2114 3774 optimum
2194 3688 2565 3755 arbitrium
2646 3685 2732 3753 de
2817 3689 3234 3773 quaestione

323 3796 871 3879 permittentem.
965 3791 1231 3860 Tamen
1288 3791 1669 3877 Reckzeyo
1733 3796 2087 3860 assentior
2143 3789 2605 3859 contendenti
2650 3810 3237 3877 unumquemque

322 3897 563 3965 locum
628 3918 716 3966 ex
776 3904 1113 3964 contextu
1182 3918 1338 3964 esse
1400 3895 1962 3983 explanandum.
2028 3916 2169 3981 qua
2228 3916 2299 3962 re
2348 3894 2534 3962 facta
2597 3892 3102 3962 detrimentum
3152 3908 3239 3961 ex

324 4008 713 4088 conspectu
762 4022 1217 4069 numerorum
1270 4022 1417 4069 non
1466 3999 1673 4069 facile
1721 4002 2024 4069 exsistit.

535 4348 867 4417 Numeris
899 4347 1218 4418 locorum
1254 4346 1602 4416 adhibitis
1638 4349 1993 4433 apparuit,
2040 4346 2462 4432 plerumque
2498 4343 2849 4412 adiectiva
2884 4343 3232 4411 attributa

325 4455 565 4523 locum
602 4461 766 4520 ante
800 4474 1062 4521 nomen
1090 4452 1422 4526 (articulo
1460 4473 1604 4519 non
1639 4450 2076 4536 praeditum)
2105 4458 2361 4517 tenere.
2414 4448 2645 4530 Quam
2681 4446 3229 4515 collocat-ionem

325 4554 792 4645 principalem
867 4555 1087 4623 fuisse
1159 4557 1233 4622 in
1302 4554 1554 4638 lingua
1624 4553 1892 4621 Graeca
1963 4561 2139 4640 puto
2210 4555 2519 4621 maxime
2589 4550 2778 4637 quod
2851 4548 3236 4618 verisimile

327 4661 507 4730 mihi
576 4681 719 4729 non
791 4658 1095 4731 videtur.
1173 4662 1582 4727 maiorem
1657 4679 2031 4725 numerum
2113 4658 2617 4726 attributorum
2700 4652 2945 4741 aliqua
3020 4675 3239 4721 causa

323 4765 563 4833 locum
612 4766 1231 4833 transmutavisse.

537 4885 614 4953 B.
698 4884 1102 4956 Delbrueck
1181 4884 1420 4971 (Synt.
1502 4883 2015 4966 Forschungcn
2096 4892 2142 4950 t.
2214 4880 2316 4950 IV
2390 4879 2603 4949 HaIle
2686 4885 2853 4948 1879
2928 4902 2997 4967 p.
3083 4884 3236 4959 150)

329 4991 688 5078 probavit,
736 4994 877 5059 iam
927 4993 1001 5058 in
1051 4987 1306 5072 lingua
1338 4986 1774 5056 Sanscritica
1808 4986 2233 5055 attributum
2281 4995 2588 5072 primum
2624 4983 2863 5052 locum
2899 4985 3234 5051 tenuisse.
