3925 5692
2182 413 2223 479 6

748 621 1094 688 momenti
1139 615 1339 687 velut
1380 617 1663 687 hiatum
1711 615 2122 687 evitandum
2176 623 2300 685 cet.
2353 619 2700 696 omittam,
2752 616 2933 687 duae
2965 619 3295 704 inprimis
3340 620 3655 686 rationes

749 726 824 791 in
873 719 1346 792 collocatione
1393 721 1769 792 verborum
1837 726 2357 790 connectuntur
2403 722 2505 790 ita
2551 728 2634 789 ut
2677 724 3073 792 sententiae
3136 729 3517 792 contextus
3564 724 3654 790 iis

755 827 1090 898 formetur
1140 864 1211 872 —-
1270 832 1349 895 ut
1393 828 1466 894 in
1516 828 1685 909 iugo
1735 827 2040 894 textorio
2088 832 2364 895 textum
2415 830 2487 893 et
2531 823 2729 893 radio
2785 832 2857 895 et
2909 826 3361 910 subtegmine
3411 862 3490 871 --
3541 828 3653 894 vis

745 933 1212 1015 grammatica
1287 951 1373 999 ex
1451 936 1712 998 natura
1786 928 2078 1015 linguae
2153 928 2473 1017 pendens
2567 935 2779 1016 atque
2868 932 3237 1017 scriptoris
3328 928 3650 999 studium

750 1036 1285 1122 perspicuitatis
1336 1032 1455 1111 (de
1502 1054 1641 1121 quo
1691 1031 1934 1105 Cicero
1967 1026 2425 1131 ‘inhoratore
2474 1031 2629 1106 LX.
2678 1037 2834 1102 202:
2910 1032 3141 1115 ,Quod
3191 1055 3653 1104 numerosum

751 1141 823 1207 in
895 1140 1215 1208 oratione
1283 1136 1563 1218 dicitur,
1632 1157 1779 1205 non
1849 1158 2130 1224 semper
2195 1158 2490 1207 numero
2562 1136 2668 1216 fit,
2737 1136 2863 1206 sed
2934 1159 3454 1225 nonnunquam
3529 1146 3654 1207 aut

748 1245 1249 1322 concinnitate,
1322 1249 1448 1310 aut
1513 1245 2209 1312 constructione
2279 1242 2836 1324 verborum‘).
2942 1241 3339 1313 Oollocatio
3413 1250 3656 1311 autem

748 1349 1216 1433 grammatica
1262 1344 1772 1415 constituenda
1827 1352 1937 1414 est
1982 1348 2401 1433 priusquam
2450 1349 2596 1416 vim
2646 1348 3067 1417 rhetoricam
3118 1348 3655 1431 investigemus.

753 1449 935 1519 Cum
1008 1449 1094 1519 de
1163 1450 1467 1519 subiecti
1535 1457 1608 1519 et
1674 1448 2066 1536 praedicati
2137 1471 2317 1537 quas
2380 1449 2687 1520 dicimus
2746 1458 2984 1538 partes
3048 1453 3443 1519 sententiae
3498 1449 3656 1518 loco

749 1553 1129 1642 principali
1198 1575 1444 1624 omnes
1519 1554 1659 1625 fere
1727 1557 2208 1634 consentiant,
2277 1554 2363 1624 de
2422 1553 2807 1643 principali
2874 1553 3123 1626 ordine
3198 1555 3526 1624 attributi
3594 1563 3664 1622 et

750 1661 1067 1730 nominis
1114 1657 1741 1731 circumscribendi
1783 1661 2234 1744 grammatici
2280 1658 2737 1729 dissentiunt.
2877 1722 2882 1729 .

964 1762 1146 1832 Cum
1236 1763 1417 1832 mihi
1508 1765 2027 1850 proposuerim,
2118 1762 2448 1832 Platonis
2539 1786 2752 1833 usum
2845 1760 3248 1833 collocandi
3329 1760 3668 1830 adiectivi

744 1855 1080 1936 ⁴attributi
1147 1864 1237 1934 ad
1294 1874 1616 1953 tempora
1680 1864 2092 1936 definienda
2154 1864 2603 1951 dialogorum
2653 1865 3013 1944 adhibere,
3074 1876 3250 1954 puto
3302 1888 3339 1935 e
3388 1887 3462 1933 re
3510 1887 3666 1934 esse

753 1992 1125 2058 exponere,
1190 1969 1549 2058 quomodo
1618 1977 2043 2055 argumenta
2103 1991 2262 2039 mea
2322 1973 2638 2040 numeris
2695 1974 3229 2058 circumscripta
3274 1969 3657 2038 hauserim.

753 2073 907 2145 Hoc
952 2077 1171 2160 igitur
1218 2073 1520 2144 consilio
1570 2077 1883 2162 primum
1936 2073 2243 2144 aliorum
2306 2078 2701 2144 sententias
2753 2074 2840 2144 de
2884 2073 3270 2163 principali
3334 2073 3665 2143 adiectivi

640 2226 647 2233 -
752 2178 911 2251 loco
961 2179 1390 2249 examinabo
1441 2199 1816 2266 meamque
1862 2179 2169 2267 posthac
2215 2178 2585 2265 proferam.

1937 2518 2331 2642 Caput
2423 2521 2489 2618 1.

962 2702 1180 2792 Apud
1249 2706 1756 2789 grammaticos
1828 2709 1898 2770 et
1964 2711 2239 2773 veteres
2300 2709 2370 2771 et
2415 2707 2860 2783 recentiores,
2925 2703 3010 2773 de
3059 2703 3389 2772 attributi
3434 2702 3659 2773 collo-

757 2812 1036 2878 catione
1106 2812 1180 2879 in
1259 2830 1584 2878 sermone
1663 2806 1931 2875 Graeco
2010 2814 2199 2876 certa
2288 2814 2663 2895 praecepta
2735 2808 2877 2877 fere
2952 2829 3098 2877 non
3173 2811 3661 2877 inveniuntur.

964 2913 1365 2983 Memoratu
1416 2911 1640 2996 digna
1686 2909 1816 2980 illa
1849 2911 2183 2998 Dionysii
2216 2910 2878 2982 Halicarnassensis
2925 2912 3329 2981 dissertatio
3365 2915 3439 2982 in
3475 2911 3661 2984 libro

756 3039 887 3087 suo
935 3014 1065 3102 περὶ
1112 3016 1447 3089 συνθέσεως
1485 3014 1785 3099 ὀνομάτων
1847 3019 2195 3103 exposita,
2261 3038 2402 3104 qua
2463 3016 2549 3086 de
2610 3039 2746 3086 usu
2793 3016 3193 3086 Herodoteo
3241 3025 3661 3087 construen-

756 3120 1007 3190 dorum
1058 3121 1434 3191 verborum
1486 3142 1706 3205 agens
1756 3122 1971 3189 etiam
2018 3124 2365 3190 rationem
2431 3121 2765 3192 adiectivi
2824 3120 3223 3191 collocandi
3293 3121 3664 3190 enucleare

755 3227 897 3295 sibi
942 3229 1340 3313 proposuit.
1438 3224 1957 3294 Vicissitudine
2009 3248 2175 3295 vero
2225 3232 2324 3294 rei
2371 3229 2781 3313 propositae
2827 3248 3052 3313 paene
3113 3234 3193 3294 ut
3248 3225 3335 3294 de
3383 3228 3665 3312 incepto

757 3328 1162 3417 desperaret
1205 3328 1589 3416 perductus
1638 3338 1764 3398 est.
1858 3328 2081 3407 ,Πάντα
2127 3329 2193 3394 δὲ
2237 3337 2438 3407 ταῦτα,
2487 3334 2723 3418 inquit
2794 3334 2955 3419 (cap
2991 3330 3056 3396 V
3103 3336 3252 3415 (50)
3304 3326 3667 3399 Schaeferi

756 3433 860 3503 ed.
910 3456 973 3522 p.
1026 3439 1152 3516 82),
1220 3433 1591 3498 διεσάλευσεν
1659 3433 1698 3519 ἡ
1759 3436 1948 3520 πεῖρα,
2009 3431 2106 3498 καὶ
2167 3441 2269 3499 τοῦ
2334 3436 2578 3519 μηδενὸς
2642 3431 2773 3509 ἄξια
2835 3434 3117 3521 ἀπέφηνε,
3178 3433 3308 3499 τοτὲ
3372 3434 3477 3519 μὲν
3555 3437 3667 3522 γὰρ

756 3541 825 3603 ἐκ
868 3537 1089 3603 τούτων
1136 3537 1352 3623 ἐγίνετο
1399 3536 1498 3603 καὶ
1544 3544 1659 3602 τῶν
1720 3537 1938 3623 ὁμοίων
2001 3537 2192 3612 αὐτοῖς
2255 3539 2425 3624 ἡδεῖα
2484 3539 2523 3624 ἡ
2585 3539 2850 3612 σύνθεσις
2906 3537 3004 3604 καὶ
3059 3540 3230 3625 καλή,
3286 3539 3417 3603 τοτὲ
3478 3539 3545 3605 δὲ
3602 3544 3669 3605 ἐκ

754 3648 869 3706 τῶν
916 3642 996 3727 μή
1043 3643 1334 3720 τοιούτων,
1383 3642 1508 3708 ἀλλ’
1546 3641 1833 3708 ἐναντίων.
1903 3645 2014 3707 Διά
2060 3643 2274 3717 ταύτας
2321 3642 2425 3729 μὲν
2472 3645 2546 3729 δὴ
2590 3645 2693 3717 τὰς
2739 3643 2927 3717 αἰτίας
2972 3650 3073 3729 τῆς
3109 3643 3360 3731 θεωρίας
3392 3644 3668 3729 ἀπέστην.

757 3746 1053 3831 ἐμνήσθην
1099 3746 1165 3811 δὲ
1212 3745 1405 3811 αὐτῶν
1450 3745 1549 3812 καὶ
1593 3754 1707 3826 νῦν,
1756 3747 1871 3835 οὐχ
1916 3746 1997 3821 ὡς
2046 3753 2297 3832 σπουδῆς
2342 3747 2549 3823 ἀξίων·
2609 3747 2706 3813 καὶ
2750 3749 2853 3822 τὰς
2898 3750 3265 3822 διαλεκτικὰς
3323 3751 3669 3835 παρεθέμην

755 3851 982 3938 τέχνας,
1029 3850 1144 3938 οὐχ
1187 3851 1270 3924 ὡς
1317 3850 1654 3936 ἀναγκαίας,
1715 3850 1843 3916 ἀλλ’
1904 3851 2003 3916 ἵνα
2049 3850 2251 3937 μηδεὶς
2308 3857 2498 3918 δοκῶν
2544 3853 2704 3940 ἔχειν
2749 3878 2802 3917 τι
2866 3852 3045 3926 αὐτᾶς
3103 3852 3390 3940 χρήσιμον
3436 3854 3520 3926 εἰς
3565 3855 3669 3938 τήν

757 3962 1056 4042 παροῦσαν
1129 3955 1400 4044 θεωρίαν,
1481 3955 1612 4043 περὶ
1696 3962 1917 4021 πολλοῦ
1983 3961 2222 4042 ποιῆται
2289 3957 2505 4021 εἰδέναι
2575 3953 2884 4043 θηρευθεὶς
2950 3959 3073 4029 ταῖς
3141 3959 3488 4043 ἐπιγραφαῖς
3554 3964 3669 4022 τῶν

757 4058 1167 4145 πραγματείων
1235 4059 1551 4147 ὁμοιότητά
1596 4086 1721 4126 τινα
1768 4060 2065 4149 ἐχούσαις,
2112 4058 2209 4125 καὶ
2255 4067 2329 4147 τῇ
2375 4061 2513 4146 δόξῃ
2559 4067 2673 4125 τῶν
2720 4061 3155 4148 συνταξαμένων
3200 4060 3415 4135 αὐτάςέ

971 4163 1170 4246 Quae
1217 4174 1460 4236 autem
1512 4167 1944 4254 Dionysium
1996 4172 2078 4235 ut
2134 4165 2320 4235 hanc
2391 4169 2818 4236 sententiam
2881 4166 3220 4253 proferret
3279 4169 3673 4237 commovit

759 4287 977 4337 causa
1044 4268 1183 4337 fuit
1255 4269 1444 4356 quod
1529 4273 1852 4358 quaestio
1934 4274 2087 4340 eius
2177 4292 2262 4340 ex
2342 4273 2959 4357 argumentatione
3043 4270 3352 4359 quadam
3435 4270 3676 4357 logica

759 4370 1038 4457 pendet.
1113 4373 1369 4446 Voluit
1418 4379 1604 4445 enim
1655 4383 1981 4444 naturam
2034 4378 2236 4463 sequi
2282 4375 2626 4462 illiusque
2672 4397 2761 4444 ex
2793 4379 3065 4445 ratione
3097 4398 3390 4464 prorsus
3423 4376 3673 4446 locum

760 4480 1069 4563 partium
1121 4483 1469 4551 orationis
1519 4483 1971 4550 constituere.
2050 4479 2360 4550 Nomina
2406 4483 2626 4564 igitur
2672 4481 2908 4550 verbis
2956 4502 3112 4550 esse
3158 4480 3676 4569 praeponenda

760 4589 1003 4651 censet
1051 4587 1316 4672 quippe
1365 4606 1524 4653 cum
1588 4584 1717 4653 illa
1762 4587 1862 4652 rei
1909 4586 2414 4664 substantiam,
2484 4585 2660 4654 haec
2707 4585 3099 4655 accidentia
3144 4594 3425 4655 tantum
3497 4607 3670 4655 con-

761 4693 1033 4767 notent,
1112 4697 1371 4758 natura
1438 4695 1674 4759 autem
1746 4692 2054 4776 priorem
2124 4712 2279 4759 esse
2350 4692 2734 4760 essentiam
2805 4690 3315 4760 accidentibus,
3433 4690 3675 4760 Verba

764 4789 1121 4864 adverbiis
1171 4793 1672 4881 anteponenda
1717 4816 1872 4863 esse
1921 4793 2095 4863 dicit
2163 4794 2388 4878 ,ἐπειδὴ
2448 4793 2723 4880 πρότερόν
2783 4797 2933 4859 ἐστιν
2977 4800 3051 4880 τῇ
3110 4793 3284 4881 φύσει
3339 4795 3405 4858 τὸ
3469 4799 3673 4858 ποιοῦν

759 4892 798 4979 ἤ
845 4902 959 4959 τῶν
1005 4899 1459 4984 συνεδρευόντων
1514 4897 1740 4972 αὐτοῖς’.
1833 4899 2071 4970 Simili
2131 4903 2404 4971 ratione
2450 4909 2816 4988 permotus
2865 4898 3380 4968 adiectivorum
3427 4899 3672 4970 locum

762 5012 976 5088 post
1020 5004 1466 5073 substantivi
1512 5007 1905 5073 constituit.
2018 5002 2156 5073 Sed
2222 5004 2413 5092 quod
2460 5004 2846 5074 verisimile
2915 5008 2981 5073 ei
3025 5007 3260 5073 visum
3333 5013 3466 5085 est,
3534 5005 3672 5074 hoc
