3925 5692
1776 436 1861 501 29

365 639 738 710 vocabulis
806 643 984 709 raris
1059 663 1272 710 usum
1341 660 1497 709 esse
1567 648 1634 708 et
1695 661 1887 709 nova
1931 638 2296 710 vocubula
2364 638 2664 709 finxisse
2732 638 3267 711 demonstravit.

360 742 559 823 Quae
636 746 1040 815 observatio
1114 746 1214 813 eis
1287 766 1468 831 quae
1539 741 1625 811 de
1685 742 2035 813 adiectivo
2095 746 2437 814 attributo
2509 765 2729 831 supra
2774 747 3074 831 exposui
3120 753 3272 815 tota

361 846 840 918 confirmatur.
947 847 1286 918 Eiusdem
1351 858 1590 917 autem
1650 851 1783 916 viri
1849 847 2249 917 doctissimi
2321 846 2822 918 adhortatione
2870 871 2982 917 me
3028 851 3268 935 ipsum

362 951 451 1020 ad
514 953 704 1026 hanc
766 957 1258 1040 quaestionem
1321 952 1612 1022 ductum
1681 973 1835 1022 esse
1880 952 2139 1022 libenti
2186 973 2266 1020 ac
2308 959 2524 1036 grato·
2564 956 2803 1023 animo
2853 951 3268 1022 addiderim.

360 1056 708 1144 Reliquos
793 1079 1040 1127 omnes
1128 1067 1452 1126 auctores
1534 1078 1947 1126 enumerare
2026 1055 2480 1144 supersedeo,
2566 1066 2725 1126 cum
2801 1056 3268 1127 Gualtherius

361 1161 681 1232 Ianellus
775 1162 1049 1234 sodalis
1166 1165 1240 1231 in
1350 1160 1601 1231 libello
1694 1184 1825 1231 suo
1944 1160 2418 1241 Quaestiones
2533 1162 2949 1231 Platonicae
3065 1162 3269 1244 (diss,

361 1265 908 1337 Rostochiensis
970 1270 1046 1336 in
1107 1266 1607 1354 supplemento
1674 1268 2013 1336 vicesimo
2064 1274 2267 1334 sexto
2317 1267 2687 1337 annalium
2736 1267 3269 1354 philologorum

364 1369 535 1457 Lpz.
608 1371 893 1454 MOMI)
980 1395 1046 1459 p.
1111 1376 1239 1442 265
1308 1394 1408 1459 sq.
1494 1371 1908 1455 diligentem
1998 1378 2210 1457 atque
2294 1371 2730 1459 completum
2810 1381 3271 1460 conspectum

369 1484 739 1547 auctorum
854 1499 1238 1564 eorumque
1351 1476 1752 1545 studiorum
1860 1479 2287 1563 praebuerit.
2444 1475 2708 1545 Tamen
2826 1475 3272 1547 Guilelmum

368 1581 993 1666 Dittenbergerum
1101 1593 1170 1650 et
1270 1582 1613 1650 Ioannem
1718 1583 1807 1650 ab
1927 1585 2178 1650 Arnim
2299 1584 2432 1649 hoc
2537 1581 2695 1651 loco
2803 1584 3098 1651 honoris
3206 1589 3276 1650 et

365 1690 653 1773 pietatis
723 1710 942 1757 causa
1000 1691 1317 1768 nomino,
1390 1709 1692 1774 quorum
1760 1685 1939 1754 alter
2011 1685 2361 1768 (HermeS‚
2430 1696 2598 1757 tom.
2658 1686 2837 1756 XVI
2898 1692 3019 1757 321
3088 1686 3272 1773 sqq.)

368 1814 498 1863 suo
568 1792 832 1862 iudicio
905 1800 1118 1880 atque
1188 1791 1492 1861 consilio
1564 1794 1754 1860 viam
1826 1812 1968 1878 qua
2039 1789 2313 1878 aliquid
2361 1789 2453 1859 ad
2498 1799 2902 1877 temporum
2953 1791 3273 1862 ordinem

365 1895 710 1967 librorum
780 1898 1109 1967 Platonis
1195 1897 1628 1968 conferretur
1711 1898 1895 1974 iniit,
1989 1896 2167 1965 alter
2253 1894 2638 1983 quaerendi
2715 1899 3068 1965 rationem
3156 1895 3276 1978 (de

369 2000 694 2071 Platonis
744 2001 1051 2087 dialogis
1101 2005 1558 2089 quaestiones
1603 1999 2168 2084 chronologicae.
2240 1999 2393 2068 Ind.
2430 1999 3272 2085 lect.Rostoch.1896l97

369 2114 439 2173 et
494 2107 699 2188 Gotty.
758 2106 1040 2171 Gelehrte
1086 2107 1340 2189 Ameiy.
1393 2111 1592 2189 1899)
1643 2107 1909 2192 optime
1956 2107 2529 2193 circumscripsit.

576 2229 969 2299 Videamus
1061 2251 1253 2299 nunc
1344 2224 1702 2315 quomodo
1795 2249 1879 2295 ea
1947 2249 2127 2314 quae
2197 2226 2307 2295 illi
2377 2229 2512 2296 viri
2584 2224 2981 2295 doctissimi
3051 2249 3273 2313 expo-

366 2344 664 2404 suerunt
709 2357 872 2404 cum
919 2356 1120 2405 meae
1169 2337 1573 2421 questionis
1623 2352 1908 2400 summa
1952 2334 2429 2401 consentiant.

573 2456 1010 2525 Timaeum
1068 2464 1139 2525 et
1186 2457 1548 2525 Critiam
1615 2453 1861 2523 eodem
1931 2453 2072 2522 fere
2135 2462 2453 2540 tempore
2516 2474 2597 2520 ac
2644 2453 2918 2538 Leges
2966 2455 3271 2539 scriptos

371 2582 525 2630 esse
571 2565 784 2630 etiam
835 2565 1013 2630 meis
1062 2564 1378 2631 numeris
1435 2558 1915 2630 confirmatur.
2031 2559 2218 2626 Num
2293 2558 2372 2626 hi
2441 2564 2680 2626 autem
2750 2555 3021 2641 dialogi
3090 2560 3273 2625 inter

371 2666 698 2751 singulos
747 2668 1022 2753 Legum
1086 2667 1314 2737 libros
1383 2663 1745 2734 inserendi
1809 2665 1977 2744 sint,
2048 2667 2486 2747 argumentis
2548 2684 2727 2749 quae
2784 2685 2942 2731 mea
2988 2663 3280 2748 praebet

372 2776 720 2858 quaestio,
812 2766 1188 2842 diiudicari
1277 2793 1421 2842 non
1512 2778 1769 2858 potest.
1889 2766 2553 2837 Animadvertimus
2634 2766 2920 2853 quidem
3000 2768 3274 2853 Legum

369 2876 631 2946 librum
714 2887 1042 2947 octavum
1135 2880 1529 2946 maximum
1621 2896 2003 2943 numerum
2095 2872 2610 2941 adiectivorum
2702 2874 3272 2959 postpositorum

371 2983 724 3063 exhibere,
800 2987 916 3052 cui
984 2985 1356 3070 proximus
1426 2988 1536 3050 est
1600 2978 1932 3063 dialogus
2006 2977 2287 3046 Critias.
2427 2976 2711 3044 Medius
2782 2998 3120 3045 numerus
3191 2997 3279 3043 ex

369 3090 684 3156 numeris
728 3088 1002 3173 Legum
1048 3088 1397 3159 librorum
1448 3090 1626 3168 (7225
1653 3085 1763 3169 ⁰10)
1811 3087 2047 3153 minor
2094 3091 2204 3150 est
2250 3104 2543 3151 numero
2592 3084 2666 3149 in
2717 3080 2938 3148 Oritia
2984 3084 3276 3149 invento

373 3192 487 3272 (92
515 3191 655 3276 ⁰l0),
701 3196 930 3261 maior
976 3214 1191 3280 quam
1232 3192 1502 3261 Timaei
1551 3194 1668 3272 (65
1690 3191 1827 3272 Ἃ),
1873 3187 2000 3257 sed
2048 3209 2135 3256 ex
2179 3188 2295 3255 his
2332 3189 2649 3255 numeris
2688 3184 2773 3252 de
2817 3184 3280 3270 chronologia

371 3296 720 3367 librorum
767 3306 954 3367 certa
1000 3296 1333 3367 concludi
1380 3319 1526 3367 non
1574 3303 1904 3384 possunt.

583 3418 871 3505 Optime
917 3424 1275 3489 consentit
1320 3418 1674 3488 Philebi
1738 3438 2079 3486 numerus
2146 3436 2306 3482 cum
2369 3415 2684 3481 numeris
2735 3411 3281 3496 Dittenbergeri,

374 3533 782 3594 ceterorum.
950 3525 1086 3594 Pro
1194 3546 1414 3612 parvo
1523 3545 1818 3592 numero
1935 3534 2440 3608 usurpatorum
2550 3516 3059 3585 adiectivorum
3150 3519 3277 3595 (25)

373 3651 805 3717 permagnus
853 3652 1195 3700 numerus
1244 3631 1810 3717 postpositorum
1861 3635 2073 3695 extat.
2147 3624 2358 3693 Hunc
2404 3625 2623 3707 igitur
2668 3623 2930 3691 librum
2959 3622 3282 3708 proxime

377 3743 539 3804 ante
584 3735 811 3818 Leges
859 3736 1260 3805 confectum
1313 3756 1468 3803 esse
1516 3739 1829 3821 apparet.

586 3856 1011 3945 Sophista
1082 3863 1321 3925 autem
1391 3863 1461 3924 et
1505 3856 1951 3925 Politicus
2025 3855 2149 3939 qui
2215 3850 2385 3920 libri
2454 3848 2700 3921 eodem
2771 3848 2910 3916 fere
2968 3856 3284 3932 tempore

379 3962 680 4030 confecti
748 3970 941 4042 sunt,
1011 3964 1325 4030 numeris
1394 3961 1947 4047 postpositionis
2019 3979 2180 4025 cum
2248 3976 2289 4022 a
2333 3954 2650 4038 Legibus
2721 3950 3059 4021 recedunt
3129 3958 3284 4019 tum

378 4071 562 4137 inter
608 4088 684 4135 se
728 4068 1101 4154 paulisper
1147 4064 1504 4134 differunt.
1601 4064 1779 4132 Cum
1831 4063 2274 4146 argumentis
2324 4059 2630 4128 aliorum
2679 4065 3048 4126 auctorum
3099 4059 3282 4124 veri-

381 4170 827 4242 simillimum
879 4175 993 4249 sit,
1043 4179 1384 4256 utrosque
1434 4168 1760 4254 dialogos
1811 4166 2107 4236 ultimae
2135 4162 2464 4233 Platonis
2513 4165 2728 4230 aetati
2770 4157 3282 4228 adscribendos

381 4299 558 4358 esse,
629 4286 922 4364 apparet
969 4274 1366 4360 singulis
1414 4276 1767 4342 sermonis
1815 4270 2101 4340 indiciis
2148 4268 2336 4337 nihil
2382 4270 2553 4336 certi
2601 4265 3095 4343 demonstrari,
3155 4261 3280 4332 sed

381 4402 469 4451 ex
512 4381 907 4451 multorum
959 4386 1541 4464 argumentorum
1590 4398 1944 4445 consensu
1992 4379 2276 4443 tantum
2325 4370 2411 4440 de
2443 4369 2912 4453 chronologia
2948 4366 3281 4436 concludi

381 4507 631 4573 posse;
677 4491 918 4553 tamen
966 4482 1181 4552 fidem
1229 4485 1360 4552 toti
1411 4479 1819 4567 inquirendi
1865 4480 2129 4546 rationi
2177 4498 2323 4547 non
2370 4476 2815 4560 negabimus,

589 4623 741 4692 Iam
819 4626 1142 4709 quaestio
1221 4643 1517 4710 prorsus
1593 4617 1682 4687 ad
1754 4617 2315 4686 Theaetetum
2388 4616 2728 4702 pervenit.
2845 4609 3073 4692 Quem
3142 4631 3287 4678 non

384 4729 693 4799 multum
765 4751 808 4797 a
853 4727 1261 4815 Sophistae,
1333 4725 1644 4802 Politici,
1721 4721 2009 4792 Philebi
2078 4720 2520 4805 temporibus
2593 4718 2845 4785 abesse
2901 4712 3084 4782 dixit
3129 4734 3288 4780 cum

388 4833 929 4920 Dittenbergero
988 4833 1294 4902 Ioannes
1362 4831 1448 4899 ab
1502 4831 1778 4905 Arnim,
1844 4849 2004 4896 cum
2072 4824 2471 4894 Schanzius
2528 4820 2997 4908 Reipublicae
3064 4817 3288 4887 libros

388 4947 557 5024 post
585 4937 1053 5007 Theaetetum
1101 4937 1544 5021 conscriptos
1594 4953 1751 5001 esse
1798 4931 2094 5001 doceret.
2177 4929 2511 4997 Facimus
2559 4929 2777 5013 igitur
2809 4946 2970 4993 cum
3005 4923 3288 4991 Ditten-

387 5045 677 5128 bergero
727 5051 796 5111 et
840 5041 1099 5110 Ioanni
1151 5040 1238 5108 ab
1289 5040 1558 5107 Arnim.
